
 <record>
  <leader>-----nas-a2200000z--4500</leader>
  <controlfield tag="008">131125uuuuuuuuuxx-uu-|------u|----|eng-d</controlfield>
  <datafield tag="010" ind1="" ind2="">
   <subfield code="a">  2001212195</subfield>
  </datafield>
  <datafield tag="245" ind1="" ind2="0">
   <subfield code="a">Demography</subfield>
  </datafield>
  <datafield tag="260" ind1="" ind2="">
   <subfield code="a">Chicago</subfield>
   <subfield code="b">Population Association of America</subfield>
  </datafield>
  <datafield tag="022" ind1="" ind2="">
   <subfield code="a">0070-3370</subfield>
  </datafield>
  <datafield tag="776" ind1="" ind2="">
   <subfield code="x">1533-7790</subfield>
  </datafield>
  <datafield tag="090" ind1="" ind2="">
   <subfield code="a">954921365533</subfield>
  </datafield>
  <datafield tag="866" ind1="" ind2="">
   <subfield code="a">Available from 1997 volume: 34 issue: 1. </subfield>
   <subfield code="s">1000000000002533</subfield>
   <subfield code="t">1000000000001874</subfield>
   <subfield code="x">Canadian Research Knowledge Network Springer Link Current:Full Text</subfield>
   <subfield code="z">3360000000369303</subfield>
  </datafield>
 </record>