
 <record>
  <leader>-----nas-a2200000z--4500</leader>
  <controlfield tag="008">131125uuuuuuuuuxx-uu-|------u|----|eng-d</controlfield>
  <datafield tag="010" ind1="" ind2="">
   <subfield code="a">sn 96039532 </subfield>
  </datafield>
  <datafield tag="245" ind1="" ind2="0">
   <subfield code="a">Cell stress &amp; chaperones</subfield>
  </datafield>
  <datafield tag="210" ind1="" ind2="">
   <subfield code="a">CELL STRESS CHAPERON</subfield>
  </datafield>
  <datafield tag="210" ind1="" ind2="">
   <subfield code="a">CELL STR CH</subfield>
  </datafield>
  <datafield tag="210" ind1="" ind2="">
   <subfield code="a">CELL STRESS AND CHAPERONES</subfield>
  </datafield>
  <datafield tag="210" ind1="" ind2="">
   <subfield code="a">CELL STRESS CHAPERONES</subfield>
  </datafield>
  <datafield tag="260" ind1="" ind2="">
   <subfield code="a">New York</subfield>
   <subfield code="b">Springer Netherlands</subfield>
  </datafield>
  <datafield tag="022" ind1="" ind2="">
   <subfield code="a">1355-8145</subfield>
  </datafield>
  <datafield tag="776" ind1="" ind2="">
   <subfield code="x">1466-1268</subfield>
  </datafield>
  <datafield tag="090" ind1="" ind2="">
   <subfield code="a">954922652202</subfield>
  </datafield>
  <datafield tag="866" ind1="" ind2="">
   <subfield code="a">Available from 2008 volume: 13 issue: 1. </subfield>
   <subfield code="s">1000000000002533</subfield>
   <subfield code="t">1000000000001874</subfield>
   <subfield code="x">Canadian Research Knowledge Network Springer Link Current:Full Text</subfield>
   <subfield code="z">1000000001825991</subfield>
  </datafield>
 </record>