
 <record>
  <leader>-----nas-a2200000z--4500</leader>
  <controlfield tag="008">131125uuuuuuuuuxx-uu-|------u|----|eng-d</controlfield>
  <datafield tag="010" ind1="" ind2="">
   <subfield code="a">   68007124 </subfield>
  </datafield>
  <datafield tag="245" ind1="" ind2="0">
   <subfield code="a">JETP letters</subfield>
  </datafield>
  <datafield tag="210" ind1="" ind2="">
   <subfield code="a">SOVIET PHYSICS. JETP LETTERS</subfield>
  </datafield>
  <datafield tag="210" ind1="" ind2="">
   <subfield code="a">JETP LETTER</subfield>
  </datafield>
  <datafield tag="210" ind1="" ind2="">
   <subfield code="a">JETP LETT</subfield>
  </datafield>
  <datafield tag="210" ind1="" ind2="">
   <subfield code="a">PIS'MA V ZHURNAL ĖKSPERIMENTAL'NOĬ I TEORETICHESKOĬ FIZIKI. ENGLISH</subfield>
  </datafield>
  <datafield tag="210" ind1="" ind2="">
   <subfield code="a">JOURNAL OF THEORETICAL AND EXPERIMENTAL PHYSICS LETTERS</subfield>
  </datafield>
  <datafield tag="210" ind1="" ind2="">
   <subfield code="a">JETP LETT+</subfield>
  </datafield>
  <datafield tag="260" ind1="" ind2="">
   <subfield code="a">[New York]</subfield>
   <subfield code="b">American Institute of Physics.</subfield>
  </datafield>
  <datafield tag="022" ind1="" ind2="">
   <subfield code="a">0021-3640</subfield>
  </datafield>
  <datafield tag="776" ind1="" ind2="">
   <subfield code="x">1090-6487</subfield>
  </datafield>
  <datafield tag="090" ind1="" ind2="">
   <subfield code="a">954922836224</subfield>
  </datafield>
  <datafield tag="866" ind1="" ind2="">
   <subfield code="a">Available from 1997 volume: 65 issue: 1. </subfield>
   <subfield code="s">1000000000002533</subfield>
   <subfield code="t">1000000000001874</subfield>
   <subfield code="x">Canadian Research Knowledge Network Springer Link Current:Full Text</subfield>
   <subfield code="z">1000000001825845</subfield>
  </datafield>
 </record>