
 <record>
  <leader>-----nas-a2200000z--4500</leader>
  <controlfield tag="008">131125uuuuuuuuuxx-uu-|------u|----|eng-d</controlfield>
  <datafield tag="010" ind1="" ind2="">
   <subfield code="a">   93646048 </subfield>
  </datafield>
  <datafield tag="245" ind1="" ind2="0">
   <subfield code="a">Technical physics letters</subfield>
  </datafield>
  <datafield tag="210" ind1="" ind2="">
   <subfield code="a">TECH PHYS LETT</subfield>
  </datafield>
  <datafield tag="210" ind1="" ind2="">
   <subfield code="a">TECH PHYS L</subfield>
  </datafield>
  <datafield tag="210" ind1="" ind2="">
   <subfield code="a">TECH PHYS LETT+</subfield>
  </datafield>
  <datafield tag="260" ind1="" ind2="">
   <subfield code="a">New York, NY</subfield>
   <subfield code="b">American Institute of Physics</subfield>
  </datafield>
  <datafield tag="022" ind1="" ind2="">
   <subfield code="a">1063-7850</subfield>
  </datafield>
  <datafield tag="776" ind1="" ind2="">
   <subfield code="x">1090-6533</subfield>
  </datafield>
  <datafield tag="090" ind1="" ind2="">
   <subfield code="a">954922836235</subfield>
  </datafield>
  <datafield tag="866" ind1="" ind2="">
   <subfield code="a">Available from 1997 volume: 23 issue: 1. </subfield>
   <subfield code="s">1000000000002533</subfield>
   <subfield code="t">1000000000001874</subfield>
   <subfield code="x">Canadian Research Knowledge Network Springer Link Current:Full Text</subfield>
   <subfield code="z">1000000001825958</subfield>
  </datafield>
 </record>