
 <record>
  <leader>-----nas-a2200000z--4500</leader>
  <controlfield tag="008">131125uuuuuuuuuxx-uu-|------u|----|eng-d</controlfield>
  <datafield tag="010" ind1="" ind2="">
   <subfield code="a">  2001238142</subfield>
  </datafield>
  <datafield tag="245" ind1="" ind2="0">
   <subfield code="a">EM</subfield>
  </datafield>
  <datafield tag="210" ind1="" ind2="">
   <subfield code="a">EM</subfield>
  </datafield>
  <datafield tag="260" ind1="" ind2="">
   <subfield code="a">London</subfield>
   <subfield code="b">Routledge</subfield>
  </datafield>
  <datafield tag="022" ind1="" ind2="">
   <subfield code="a">1019-6781</subfield>
  </datafield>
  <datafield tag="776" ind1="" ind2="">
   <subfield code="x">1422-8890</subfield>
  </datafield>
  <datafield tag="090" ind1="" ind2="">
   <subfield code="a">954925274467</subfield>
  </datafield>
  <datafield tag="866" ind1="" ind2="">
   <subfield code="a">Available from 2009 volume: 19 issue: 1. </subfield>
   <subfield code="s">1000000000002533</subfield>
   <subfield code="t">1000000000001874</subfield>
   <subfield code="x">Canadian Research Knowledge Network Springer Link Current:Full Text</subfield>
   <subfield code="z">2480000000001514</subfield>
  </datafield>
 </record>