
 <record>
  <leader>-----nas-a2200000z--4500</leader>
  <controlfield tag="008">131125uuuuuuuuuxx-uu-|------u|----|eng-d</controlfield>
  <datafield tag="010" ind1="" ind2="">
   <subfield code="a">sn 99008589 </subfield>
  </datafield>
  <datafield tag="245" ind1="" ind2="0">
   <subfield code="a">Human rights review</subfield>
  </datafield>
  <datafield tag="260" ind1="" ind2="">
   <subfield code="a">Piscataway, NJ</subfield>
   <subfield code="b">Transaction Periodicals Consortium</subfield>
  </datafield>
  <datafield tag="022" ind1="" ind2="">
   <subfield code="a">1524-8879</subfield>
  </datafield>
  <datafield tag="776" ind1="" ind2="">
   <subfield code="x">1874-6306</subfield>
  </datafield>
  <datafield tag="090" ind1="" ind2="">
   <subfield code="a">954925282676</subfield>
  </datafield>
  <datafield tag="866" ind1="" ind2="">
   <subfield code="a">Available from 1999 volume: 1 issue: 1. </subfield>
   <subfield code="s">1000000000002533</subfield>
   <subfield code="t">1000000000001874</subfield>
   <subfield code="x">Canadian Research Knowledge Network Springer Link Current:Full Text</subfield>
   <subfield code="z">1000000000949303</subfield>
  </datafield>
 </record>