
 <record>
  <leader>-----nas-a2200000z--4500</leader>
  <controlfield tag="008">131125uuuuuuuuuxx-uu-|------u|----|eng-d</controlfield>
  <datafield tag="010" ind1="" ind2="">
   <subfield code="a">sn 91016058 </subfield>
  </datafield>
  <datafield tag="245" ind1="" ind2="0">
   <subfield code="a">American potato journal</subfield>
  </datafield>
  <datafield tag="210" ind1="" ind2="">
   <subfield code="a">AMER POTATO J</subfield>
  </datafield>
  <datafield tag="210" ind1="" ind2="">
   <subfield code="a">AM POTATO J</subfield>
  </datafield>
  <datafield tag="210" ind1="" ind2="">
   <subfield code="a">AM J POTATO</subfield>
  </datafield>
  <datafield tag="210" ind1="" ind2="">
   <subfield code="a">AM J POTATO RES</subfield>
  </datafield>
  <datafield tag="210" ind1="" ind2="">
   <subfield code="a">AMERICAN JOURNAL OF POTATO RESEARCH</subfield>
  </datafield>
  <datafield tag="260" ind1="" ind2="">
   <subfield code="a">Takoma Park, D.C.</subfield>
   <subfield code="b">Potato Association of America</subfield>
  </datafield>
  <datafield tag="022" ind1="" ind2="">
   <subfield code="a">0003-0589</subfield>
  </datafield>
  <datafield tag="090" ind1="" ind2="">
   <subfield code="a">954925378933</subfield>
  </datafield>
  <datafield tag="866" ind1="" ind2="">
   <subfield code="a">Available from 1997 volume: 74 issue: 1 until 1997 volume: 74 issue: 6. </subfield>
   <subfield code="s">1000000000002533</subfield>
   <subfield code="t">1000000000001874</subfield>
   <subfield code="x">Canadian Research Knowledge Network Springer Link Current:Full Text</subfield>
   <subfield code="z">3400000000000689</subfield>
  </datafield>
 </record>