
 <record>
  <leader>-----nas-a2200000z--4500</leader>
  <controlfield tag="008">131125uuuuuuuuuxx-uu-|------u|----|eng-d</controlfield>
  <datafield tag="010" ind1="" ind2="">
   <subfield code="a">   56038628 </subfield>
  </datafield>
  <datafield tag="245" ind1="" ind2="0">
   <subfield code="a">Automation and remote control</subfield>
  </datafield>
  <datafield tag="210" ind1="" ind2="">
   <subfield code="a">AUTOM REMOTE CONTROL</subfield>
  </datafield>
  <datafield tag="210" ind1="" ind2="">
   <subfield code="a">AUTOMAT REM CONTR</subfield>
  </datafield>
  <datafield tag="210" ind1="" ind2="">
   <subfield code="a">AUT REMOT R</subfield>
  </datafield>
  <datafield tag="210" ind1="" ind2="">
   <subfield code="a">AUTOMATION &amp; REMOTE CONTROL</subfield>
  </datafield>
  <datafield tag="210" ind1="" ind2="">
   <subfield code="a">AUTOMAT REM CONTR+</subfield>
  </datafield>
  <datafield tag="260" ind1="" ind2="">
   <subfield code="a">Russia, Moscow</subfield>
   <subfield code="b">Pleiades Publishing Ltd.</subfield>
  </datafield>
  <datafield tag="022" ind1="" ind2="">
   <subfield code="a">0005-1179</subfield>
  </datafield>
  <datafield tag="776" ind1="" ind2="">
   <subfield code="x">1608-3032</subfield>
  </datafield>
  <datafield tag="090" ind1="" ind2="">
   <subfield code="a">954925383083</subfield>
  </datafield>
  <datafield tag="866" ind1="" ind2="">
   <subfield code="a">Available from 2001 volume: 62 issue: 1. </subfield>
   <subfield code="s">1000000000002533</subfield>
   <subfield code="t">1000000000001874</subfield>
   <subfield code="x">Canadian Research Knowledge Network Springer Link Current:Full Text</subfield>
   <subfield code="z">1000000000948945</subfield>
  </datafield>
 </record>