
 <record>
  <leader>-----nas-a2200000z--4500</leader>
  <controlfield tag="008">131125uuuuuuuuuxx-uu-|------u|----|eng-d</controlfield>
  <datafield tag="010" ind1="" ind2="">
   <subfield code="a">sf 78000105 </subfield>
  </datafield>
  <datafield tag="245" ind1="" ind2="0">
   <subfield code="a">Combustion, explosion, and shock waves</subfield>
  </datafield>
  <datafield tag="210" ind1="" ind2="">
   <subfield code="a">COMBUST EXPLOS</subfield>
  </datafield>
  <datafield tag="210" ind1="" ind2="">
   <subfield code="a">COMBUST EXPLO SHOCK</subfield>
  </datafield>
  <datafield tag="210" ind1="" ind2="">
   <subfield code="a">COMBUST EXPL SHOCK WAVES ENGL</subfield>
  </datafield>
  <datafield tag="210" ind1="" ind2="">
   <subfield code="a">COMB EXPL R</subfield>
  </datafield>
  <datafield tag="210" ind1="" ind2="">
   <subfield code="a">COMBUSTION, EXPLOSION, &amp; SHOCK WAVES</subfield>
  </datafield>
  <datafield tag="210" ind1="" ind2="">
   <subfield code="a">COMBUST EXPLO SHOCK+</subfield>
  </datafield>
  <datafield tag="260" ind1="" ind2="">
   <subfield code="a">New York,</subfield>
   <subfield code="b">Consultants Bureau [etc.]</subfield>
  </datafield>
  <datafield tag="022" ind1="" ind2="">
   <subfield code="a">0010-5082</subfield>
  </datafield>
  <datafield tag="776" ind1="" ind2="">
   <subfield code="x">1573-8345</subfield>
  </datafield>
  <datafield tag="090" ind1="" ind2="">
   <subfield code="a">954925392329</subfield>
  </datafield>
  <datafield tag="866" ind1="" ind2="">
   <subfield code="a">Available from 1965 volume: 1 issue: 1 until 1996. </subfield>
   <subfield code="s">1000000000002986</subfield>
   <subfield code="t">1000000000002296</subfield>
   <subfield code="x">Canadian Research Knowledge Network Springer Link Archive:Full Text</subfield>
   <subfield code="z">1000000001789179</subfield>
  </datafield>
  <datafield tag="866" ind1="" ind2="">
   <subfield code="a">Available from 1997 volume: 33 issue: 1. </subfield>
   <subfield code="s">1000000000002533</subfield>
   <subfield code="t">1000000000001874</subfield>
   <subfield code="x">Canadian Research Knowledge Network Springer Link Current:Full Text</subfield>
   <subfield code="z">1000000000949060</subfield>
  </datafield>
 </record>