
 <record>
  <leader>-----nas-a2200000z--4500</leader>
  <controlfield tag="008">131125uuuuuuuuuxx-uu-|------u|----|eng-d</controlfield>
  <datafield tag="010" ind1="" ind2="">
   <subfield code="a">sn 86010934 </subfield>
  </datafield>
  <datafield tag="245" ind1="" ind2="0">
   <subfield code="a">Czechoslovak Journal of Physics</subfield>
  </datafield>
  <datafield tag="210" ind1="" ind2="">
   <subfield code="a">CZECH J PHYS</subfield>
  </datafield>
  <datafield tag="210" ind1="" ind2="">
   <subfield code="a">CZEC J PHYS</subfield>
  </datafield>
  <datafield tag="210" ind1="" ind2="">
   <subfield code="a">CZECHOSLOVAK J. PHYS</subfield>
  </datafield>
  <datafield tag="260" ind1="" ind2="">
   <subfield code="a">London [etc.]</subfield>
   <subfield code="b">Kluwer/Plenum Publishers [etc.]</subfield>
  </datafield>
  <datafield tag="022" ind1="" ind2="">
   <subfield code="a">0011-4626</subfield>
  </datafield>
  <datafield tag="776" ind1="" ind2="">
   <subfield code="x">1572-9486</subfield>
  </datafield>
  <datafield tag="090" ind1="" ind2="">
   <subfield code="a">954925394365</subfield>
  </datafield>
  <datafield tag="866" ind1="" ind2="">
   <subfield code="a">Available from 1952 volume: 1 issue: 1 until 1996. </subfield>
   <subfield code="s">1000000000002986</subfield>
   <subfield code="t">1000000000002296</subfield>
   <subfield code="x">Canadian Research Knowledge Network Springer Link Archive:Full Text</subfield>
   <subfield code="z">1000000001789335</subfield>
  </datafield>
  <datafield tag="866" ind1="" ind2="">
   <subfield code="a">Available from 1997 volume: 47 issue: 1 until 2006 volume: 56 issue: 12. </subfield>
   <subfield code="s">1000000000002533</subfield>
   <subfield code="t">1000000000001874</subfield>
   <subfield code="x">Canadian Research Knowledge Network Springer Link Current:Full Text</subfield>
   <subfield code="z">2640000000000145</subfield>
  </datafield>
 </record>