
 <record>
  <leader>-----nas-a2200000z--4500</leader>
  <controlfield tag="008">131125uuuuuuuuuxx-uu-|------u|----|eng-d</controlfield>
  <datafield tag="010" ind1="" ind2="">
   <subfield code="a">sa 62000657 </subfield>
  </datafield>
  <datafield tag="245" ind1="" ind2="0">
   <subfield code="a">Journal of the Geological Society of India</subfield>
  </datafield>
  <datafield tag="210" ind1="" ind2="">
   <subfield code="a">J GEOL SOC INDIA</subfield>
  </datafield>
  <datafield tag="210" ind1="" ind2="">
   <subfield code="a">J GEOL S IN</subfield>
  </datafield>
  <datafield tag="260" ind1="" ind2="">
   <subfield code="a">Bangalore</subfield>
   <subfield code="b">Geological Society of India</subfield>
  </datafield>
  <datafield tag="022" ind1="" ind2="">
   <subfield code="a">0016-7622</subfield>
  </datafield>
  <datafield tag="776" ind1="" ind2="">
   <subfield code="x">0974-6889</subfield>
  </datafield>
  <datafield tag="090" ind1="" ind2="">
   <subfield code="a">954925401568</subfield>
  </datafield>
  <datafield tag="866" ind1="" ind2="">
   <subfield code="a">Available from 2009 volume: 73 issue: 1. </subfield>
   <subfield code="s">1000000000002533</subfield>
   <subfield code="t">1000000000001874</subfield>
   <subfield code="x">Canadian Research Knowledge Network Springer Link Current:Full Text</subfield>
   <subfield code="z">2590000000002436</subfield>
  </datafield>
 </record>