
 <record>
  <leader>-----nas-a2200000z--4500</leader>
  <controlfield tag="008">131125uuuuuuuuuxx-uu-|------u|----|ger-d</controlfield>
  <datafield tag="010" ind1="" ind2="">
   <subfield code="a">  2008233672</subfield>
  </datafield>
  <datafield tag="245" ind1="" ind2="4">
   <subfield code="a">Der Hautarzt</subfield>
  </datafield>
  <datafield tag="210" ind1="" ind2="">
   <subfield code="a">HAUTARZT DER</subfield>
  </datafield>
  <datafield tag="210" ind1="" ind2="">
   <subfield code="a">DER HAUTARZT</subfield>
  </datafield>
  <datafield tag="210" ind1="" ind2="">
   <subfield code="a">HAUTARZT; ZEITSCHRIFT FUR DERMATOLOGIE, VENEROLOGIE, UND VERWANDTE GEBIETE</subfield>
  </datafield>
  <datafield tag="210" ind1="" ind2="">
   <subfield code="a">HAUTARZT; ZEITSCHRIFT FüR DERMATOLOGIE, VENEROLOGIE, UND VERWANDTE GEBIETE</subfield>
  </datafield>
  <datafield tag="210" ind1="" ind2="">
   <subfield code="a">HAUTARZT</subfield>
  </datafield>
  <datafield tag="260" ind1="" ind2="">
   <subfield code="a">Heidelberg,</subfield>
   <subfield code="b">Springer Berlin Heidelberg</subfield>
  </datafield>
  <datafield tag="022" ind1="" ind2="">
   <subfield code="a">0017-8470</subfield>
  </datafield>
  <datafield tag="776" ind1="" ind2="">
   <subfield code="x">1432-1173</subfield>
  </datafield>
  <datafield tag="090" ind1="" ind2="">
   <subfield code="a">954925403617</subfield>
  </datafield>
  <datafield tag="866" ind1="" ind2="">
   <subfield code="a">Available from 1994 volume: 45 issue: 1 until 1996. </subfield>
   <subfield code="s">1000000000002986</subfield>
   <subfield code="t">1000000000002296</subfield>
   <subfield code="x">Canadian Research Knowledge Network Springer Link Archive:Full Text</subfield>
   <subfield code="z">1000000001788877</subfield>
  </datafield>
  <datafield tag="866" ind1="" ind2="">
   <subfield code="a">Available from 1997 volume: 48 issue: 1. </subfield>
   <subfield code="s">1000000000002533</subfield>
   <subfield code="t">1000000000001874</subfield>
   <subfield code="x">Canadian Research Knowledge Network Springer Link Current:Full Text</subfield>
   <subfield code="z">1000000000949108</subfield>
  </datafield>
 </record>