
 <record>
  <leader>-----nas-a2200000z--4500</leader>
  <controlfield tag="008">131125uuuuuuuuuxx-uu-|------u|----|eng-d</controlfield>
  <datafield tag="010" ind1="" ind2="">
   <subfield code="a">   52044526 </subfield>
  </datafield>
  <datafield tag="245" ind1="" ind2="0">
   <subfield code="a">Hydrobiologia</subfield>
  </datafield>
  <datafield tag="210" ind1="" ind2="">
   <subfield code="a">HYDROBIOL</subfield>
  </datafield>
  <datafield tag="210" ind1="" ind2="">
   <subfield code="a">HYDROBIOLOGIA THE INTERNATIONAL JOURNAL ON LIMNOLOGY AND MARINE SCIENCES</subfield>
  </datafield>
  <datafield tag="260" ind1="" ind2="">
   <subfield code="a">[Dordrecht]</subfield>
   <subfield code="b">Springer Netherlands</subfield>
  </datafield>
  <datafield tag="022" ind1="" ind2="">
   <subfield code="a">0018-8158</subfield>
  </datafield>
  <datafield tag="776" ind1="" ind2="">
   <subfield code="x">1573-5117</subfield>
  </datafield>
  <datafield tag="090" ind1="" ind2="">
   <subfield code="a">954925404664</subfield>
  </datafield>
  <datafield tag="866" ind1="" ind2="">
   <subfield code="a">Available from 1948 volume: 1 issue: 1 until 1996 volume: 341. </subfield>
   <subfield code="b">$obj-&gt;parsedDate('&gt;=','1948','1','1') &amp;&amp; $obj-&gt;parsedDate('&lt;=','1996','341','undef')</subfield>
   <subfield code="c">L</subfield>
   <subfield code="s">1000000000002986</subfield>
   <subfield code="t">1000000000002296</subfield>
   <subfield code="x">Canadian Research Knowledge Network Springer Link Archive:Full Text</subfield>
   <subfield code="z">1000000001788618</subfield>
  </datafield>
  <datafield tag="866" ind1="" ind2="">
   <subfield code="a">Available from 1997 volume: 342. </subfield>
   <subfield code="s">1000000000002533</subfield>
   <subfield code="t">1000000000001874</subfield>
   <subfield code="x">Canadian Research Knowledge Network Springer Link Current:Full Text</subfield>
   <subfield code="z">1000000000949306</subfield>
  </datafield>
 </record>