
 <record>
  <leader>-----nas-a2200000z--4500</leader>
  <controlfield tag="008">131125uuuuuuuuuxx-uu-|------u|----|ger-d</controlfield>
  <datafield tag="010" ind1="" ind2="">
   <subfield code="a">  2005235120</subfield>
  </datafield>
  <datafield tag="245" ind1="" ind2="0">
   <subfield code="a">IIC</subfield>
  </datafield>
  <datafield tag="210" ind1="" ind2="">
   <subfield code="a">IIC-INT REV IND PROP</subfield>
  </datafield>
  <datafield tag="210" ind1="" ind2="">
   <subfield code="a">IIC INT REV IND PROP COPYR LAW</subfield>
  </datafield>
  <datafield tag="210" ind1="" ind2="">
   <subfield code="a">IIC</subfield>
  </datafield>
  <datafield tag="210" ind1="" ind2="">
   <subfield code="a">INTERNATIONAL REVIEW OF INDUSTRIAL PROPERTY AND COPYRIGHT LAW</subfield>
  </datafield>
  <datafield tag="210" ind1="" ind2="">
   <subfield code="a">IIC-INT REV INTELL P</subfield>
  </datafield>
  <datafield tag="260" ind1="" ind2="">
   <subfield code="a">Weinheim/Bergstr.,</subfield>
   <subfield code="b">VCH Verlagsgesellschaft mbH [etc.]</subfield>
  </datafield>
  <datafield tag="022" ind1="" ind2="">
   <subfield code="a">0018-9855</subfield>
  </datafield>
  <datafield tag="776" ind1="" ind2="">
   <subfield code="x">2195-0237</subfield>
  </datafield>
  <datafield tag="090" ind1="" ind2="">
   <subfield code="a">954925405686</subfield>
  </datafield>
  <datafield tag="866" ind1="" ind2="">
   <subfield code="a">Available from 2013 volume: 44 issue: 1. </subfield>
   <subfield code="s">1000000000002533</subfield>
   <subfield code="t">1000000000001874</subfield>
   <subfield code="x">Canadian Research Knowledge Network Springer Link Current:Full Text</subfield>
   <subfield code="z">3360000000813187</subfield>
  </datafield>
 </record>