
 <record>
  <leader>-----nas-a2200000z--4500</leader>
  <controlfield tag="008">131125uuuuuuuuuxx-uu-|------u|----|eng-d</controlfield>
  <datafield tag="245" ind1="" ind2="0">
   <subfield code="a">Journal für Ornithologie</subfield>
  </datafield>
  <datafield tag="210" ind1="" ind2="">
   <subfield code="a">JOURNAL FÜR ORNITHOLOGIE</subfield>
  </datafield>
  <datafield tag="210" ind1="" ind2="">
   <subfield code="a">J ORNITHOL</subfield>
  </datafield>
  <datafield tag="210" ind1="" ind2="">
   <subfield code="a">JOURNAL FUER ORNITHOLOGIE</subfield>
  </datafield>
  <datafield tag="260" ind1="" ind2="">
   <subfield code="a">Berlin,</subfield>
   <subfield code="b">Springer Berlin Heidelberg</subfield>
  </datafield>
  <datafield tag="022" ind1="" ind2="">
   <subfield code="a">0021-8375</subfield>
  </datafield>
  <datafield tag="776" ind1="" ind2="">
   <subfield code="x">1439-0361</subfield>
  </datafield>
  <datafield tag="090" ind1="" ind2="">
   <subfield code="a">954925409796</subfield>
  </datafield>
  <datafield tag="866" ind1="" ind2="">
   <subfield code="a">Available from 1853 volume: 1 issue: 1 until 1996 volume: 137 issue: 4. </subfield>
   <subfield code="b">$obj-&gt;parsedDate('&gt;=','1853','1','1') &amp;&amp; $obj-&gt;parsedDate('&lt;=','1996','137','4')</subfield>
   <subfield code="c">G</subfield>
   <subfield code="s">1000000000002986</subfield>
   <subfield code="t">1000000000002296</subfield>
   <subfield code="x">Canadian Research Knowledge Network Springer Link Archive:Full Text</subfield>
   <subfield code="z">10920000000012904</subfield>
  </datafield>
  <datafield tag="866" ind1="" ind2="">
   <subfield code="a">Available from 1997 volume: 138 issue: 1 until 2003 volume: 144 issue: 4. </subfield>
   <subfield code="b">$obj-&gt;parsedDate('&gt;=','1997','138','1') &amp;&amp; $obj-&gt;parsedDate('&lt;=','2003','144','4')</subfield>
   <subfield code="c">L</subfield>
   <subfield code="s">1000000000002533</subfield>
   <subfield code="t">1000000000001874</subfield>
   <subfield code="x">Canadian Research Knowledge Network Springer Link Current:Full Text</subfield>
   <subfield code="z">3390000000109223</subfield>
  </datafield>
 </record>