
 <record>
  <leader>-----nas-a2200000z--4500</leader>
  <controlfield tag="008">131125uuuuuuuuuxx-uu-|------u|----|ger-d</controlfield>
  <datafield tag="245" ind1="" ind2="0">
   <subfield code="a">Kölner Zeitschrift für Soziologie und Sozialpsychologie</subfield>
  </datafield>
  <datafield tag="210" ind1="" ind2="">
   <subfield code="a">KOELNER ZEITSCHRIFT FUER SOZIOLOGIE UND SOZIALPSYCHOLOGIE</subfield>
  </datafield>
  <datafield tag="210" ind1="" ind2="">
   <subfield code="a">KOLNER Z SOZ SOZIALPSYCHOL (AUFL)</subfield>
  </datafield>
  <datafield tag="210" ind1="" ind2="">
   <subfield code="a">KOLNER Z SOZ SOZPSYCHOL</subfield>
  </datafield>
  <datafield tag="210" ind1="" ind2="">
   <subfield code="a">KOLNER Z SOZIOL SOZ</subfield>
  </datafield>
  <datafield tag="260" ind1="" ind2="">
   <subfield code="a">Köln-Opladen</subfield>
   <subfield code="b">Westdeutscher Verlag</subfield>
  </datafield>
  <datafield tag="022" ind1="" ind2="">
   <subfield code="a">0023-2653</subfield>
  </datafield>
  <datafield tag="776" ind1="" ind2="">
   <subfield code="x">1861-891X</subfield>
  </datafield>
  <datafield tag="090" ind1="" ind2="">
   <subfield code="a">954925419058</subfield>
  </datafield>
  <datafield tag="866" ind1="" ind2="">
   <subfield code="a">Available from 2000 volume: 52 issue: 1. </subfield>
   <subfield code="s">1000000000002533</subfield>
   <subfield code="t">1000000000001874</subfield>
   <subfield code="x">Canadian Research Knowledge Network Springer Link Current:Full Text</subfield>
   <subfield code="z">1000000000949639</subfield>
  </datafield>
 </record>