
 <record>
  <leader>-----nas-a2200000z--4500</leader>
  <controlfield tag="008">131125uuuuuuuuuxx-uu-|------u|----|ger-d</controlfield>
  <datafield tag="245" ind1="" ind2="0">
   <subfield code="a">Manuscripta mathematica</subfield>
  </datafield>
  <datafield tag="210" ind1="" ind2="">
   <subfield code="a">MANUSCRIPTA MATH</subfield>
  </datafield>
  <datafield tag="210" ind1="" ind2="">
   <subfield code="a">MANUSCR MATH</subfield>
  </datafield>
  <datafield tag="210" ind1="" ind2="">
   <subfield code="a">MANUSC MATH</subfield>
  </datafield>
  <datafield tag="260" ind1="" ind2="">
   <subfield code="a">Berlin</subfield>
   <subfield code="b">Springer</subfield>
  </datafield>
  <datafield tag="022" ind1="" ind2="">
   <subfield code="a">0025-2611</subfield>
  </datafield>
  <datafield tag="776" ind1="" ind2="">
   <subfield code="x">1432-1785</subfield>
  </datafield>
  <datafield tag="090" ind1="" ind2="">
   <subfield code="a">954925422116</subfield>
  </datafield>
  <datafield tag="866" ind1="" ind2="">
   <subfield code="a">Available from 1969 volume: 1 issue: 1 until 1996. </subfield>
   <subfield code="s">1000000000002986</subfield>
   <subfield code="t">1000000000002296</subfield>
   <subfield code="x">Canadian Research Knowledge Network Springer Link Archive:Full Text</subfield>
   <subfield code="z">1000000001788733</subfield>
  </datafield>
  <datafield tag="866" ind1="" ind2="">
   <subfield code="a">Available from 1997 volume: 92 issue: 1. </subfield>
   <subfield code="s">1000000000002533</subfield>
   <subfield code="t">1000000000001874</subfield>
   <subfield code="x">Canadian Research Knowledge Network Springer Link Current:Full Text</subfield>
   <subfield code="z">1000000000949673</subfield>
  </datafield>
 </record>