
 <record>
  <leader>-----nas-a2200000z--4500</leader>
  <controlfield tag="008">131125uuuuuuuuuxx-uu-|------u|----|eng-d</controlfield>
  <datafield tag="010" ind1="" ind2="">
   <subfield code="a">   61000140 </subfield>
  </datafield>
  <datafield tag="245" ind1="" ind2="0">
   <subfield code="a">Microbiology</subfield>
  </datafield>
  <datafield tag="210" ind1="" ind2="">
   <subfield code="a">MICROBIOLOG</subfield>
  </datafield>
  <datafield tag="210" ind1="" ind2="">
   <subfield code="a">MICROBIOLOGY-USSR</subfield>
  </datafield>
  <datafield tag="210" ind1="" ind2="">
   <subfield code="a">Microbiology (N.Y.)</subfield>
  </datafield>
  <datafield tag="210" ind1="" ind2="">
   <subfield code="a">MICROBIOLOGY+</subfield>
  </datafield>
  <datafield tag="260" ind1="" ind2="">
   <subfield code="a">[Moscow]</subfield>
   <subfield code="b">MAIK Nauka/Interperiodica</subfield>
  </datafield>
  <datafield tag="022" ind1="" ind2="">
   <subfield code="a">0026-2617</subfield>
  </datafield>
  <datafield tag="776" ind1="" ind2="">
   <subfield code="x">1608-3237</subfield>
  </datafield>
  <datafield tag="090" ind1="" ind2="">
   <subfield code="a">954925424168</subfield>
  </datafield>
  <datafield tag="866" ind1="" ind2="">
   <subfield code="a">Available from 2000 volume: 69 issue: 1. </subfield>
   <subfield code="s">1000000000002533</subfield>
   <subfield code="t">1000000000001874</subfield>
   <subfield code="x">Canadian Research Knowledge Network Springer Link Current:Full Text</subfield>
   <subfield code="z">1000000000949717</subfield>
  </datafield>
 </record>