
 <record>
  <leader>-----nas-a2200000z--4500</leader>
  <controlfield tag="008">131125uuuuuuuuuxx-uu-|------u|----|ger-d</controlfield>
  <datafield tag="010" ind1="" ind2="">
   <subfield code="a">  2008233463</subfield>
  </datafield>
  <datafield tag="245" ind1="" ind2="0">
   <subfield code="a">Monatsschrift fur Kinderheilkunde</subfield>
  </datafield>
  <datafield tag="210" ind1="" ind2="">
   <subfield code="a">MONSCHR KINDERHEILKD</subfield>
  </datafield>
  <datafield tag="210" ind1="" ind2="">
   <subfield code="a">MONATSSCHRIFT KINDERHEILKUNDE</subfield>
  </datafield>
  <datafield tag="210" ind1="" ind2="">
   <subfield code="a">MONATSSCHR KINDERHEILK</subfield>
  </datafield>
  <datafield tag="210" ind1="" ind2="">
   <subfield code="a">MONATSSCHR KINDERH</subfield>
  </datafield>
  <datafield tag="210" ind1="" ind2="">
   <subfield code="a">MONATS KIND</subfield>
  </datafield>
  <datafield tag="210" ind1="" ind2="">
   <subfield code="a">MONATSSCHR KINDERHEILKD</subfield>
  </datafield>
  <datafield tag="260" ind1="" ind2="">
   <subfield code="a">Berlin</subfield>
   <subfield code="b">Springer Berlin Heidelberg</subfield>
  </datafield>
  <datafield tag="022" ind1="" ind2="">
   <subfield code="a">0026-9298</subfield>
  </datafield>
  <datafield tag="776" ind1="" ind2="">
   <subfield code="x">1433-0474</subfield>
  </datafield>
  <datafield tag="090" ind1="" ind2="">
   <subfield code="a">954925426206</subfield>
  </datafield>
  <datafield tag="866" ind1="" ind2="">
   <subfield code="a">Available from 1902 volume: 1 issue: 1 until 1996. </subfield>
   <subfield code="s">1000000000002986</subfield>
   <subfield code="t">1000000000002296</subfield>
   <subfield code="x">Canadian Research Knowledge Network Springer Link Archive:Full Text</subfield>
   <subfield code="z">1000000001789049</subfield>
  </datafield>
  <datafield tag="866" ind1="" ind2="">
   <subfield code="a">Available from 1997 volume: 145 issue: 1. </subfield>
   <subfield code="s">1000000000002533</subfield>
   <subfield code="t">1000000000001874</subfield>
   <subfield code="x">Canadian Research Knowledge Network Springer Link Current:Full Text</subfield>
   <subfield code="z">1000000000949740</subfield>
  </datafield>
 </record>