
 <record>
  <leader>-----nas-a2200000z--4500</leader>
  <controlfield tag="008">131125uuuuuuuuuxx-uu-|------u|----|eng-d</controlfield>
  <datafield tag="010" ind1="" ind2="">
   <subfield code="a">   74201512 </subfield>
  </datafield>
  <datafield tag="245" ind1="" ind2="0">
   <subfield code="a">Perception and Psychophysics</subfield>
  </datafield>
  <datafield tag="210" ind1="" ind2="">
   <subfield code="a">PERCEPT PSYCHOPHYS</subfield>
  </datafield>
  <datafield tag="210" ind1="" ind2="">
   <subfield code="a">PERC PSYCH</subfield>
  </datafield>
  <datafield tag="210" ind1="" ind2="">
   <subfield code="a">PERCEPTION &amp; PSYCHOPHYSICS</subfield>
  </datafield>
  <datafield tag="260" ind1="" ind2="">
   <subfield code="a">Austin, TX</subfield>
   <subfield code="b">Psychonomic Society</subfield>
  </datafield>
  <datafield tag="022" ind1="" ind2="">
   <subfield code="a">0031-5117</subfield>
  </datafield>
  <datafield tag="776" ind1="" ind2="">
   <subfield code="x">1532-5962</subfield>
  </datafield>
  <datafield tag="090" ind1="" ind2="">
   <subfield code="a">954925432372</subfield>
  </datafield>
  <datafield tag="866" ind1="" ind2="">
   <subfield code="a">Available from 1997 volume: 59 issue: 1 until 2008 volume: 70 issue: 8. </subfield>
   <subfield code="s">1000000000002533</subfield>
   <subfield code="t">1000000000001874</subfield>
   <subfield code="x">Canadian Research Knowledge Network Springer Link Current:Full Text</subfield>
   <subfield code="z">3390000000100974</subfield>
  </datafield>
 </record>