
 <record>
  <leader>-----nas-a2200000z--4500</leader>
  <controlfield tag="008">131125uuuuuuuuuxx-uu-|------u|----|eng-d</controlfield>
  <datafield tag="010" ind1="" ind2="">
   <subfield code="a">   52062286 </subfield>
  </datafield>
  <datafield tag="245" ind1="" ind2="0">
   <subfield code="a">Philosophical studies</subfield>
  </datafield>
  <datafield tag="210" ind1="" ind2="">
   <subfield code="a">PHILOSOPHICAL STUDIES DORDRECHT</subfield>
  </datafield>
  <datafield tag="210" ind1="" ind2="">
   <subfield code="a">PHILOS STUD</subfield>
  </datafield>
  <datafield tag="210" ind1="" ind2="">
   <subfield code="a">PHILOSOPHICAL STUDIES</subfield>
  </datafield>
  <datafield tag="260" ind1="" ind2="">
   <subfield code="a">Dordrecht [etc.]</subfield>
   <subfield code="b">Springer Science &amp; Business Media B.V.</subfield>
  </datafield>
  <datafield tag="022" ind1="" ind2="">
   <subfield code="a">0031-8116</subfield>
  </datafield>
  <datafield tag="776" ind1="" ind2="">
   <subfield code="x">1573-0883</subfield>
  </datafield>
  <datafield tag="090" ind1="" ind2="">
   <subfield code="a">954925433392</subfield>
  </datafield>
  <datafield tag="866" ind1="" ind2="">
   <subfield code="a">Available from 1950 volume: 1 issue: 1 until 1996. </subfield>
   <subfield code="s">1000000000002986</subfield>
   <subfield code="t">1000000000002296</subfield>
   <subfield code="x">Canadian Research Knowledge Network Springer Link Archive:Full Text</subfield>
   <subfield code="z">1000000001788672</subfield>
  </datafield>
  <datafield tag="866" ind1="" ind2="">
   <subfield code="a">Available from 1997 volume: 86 issue: 1. </subfield>
   <subfield code="s">1000000000002533</subfield>
   <subfield code="t">1000000000001874</subfield>
   <subfield code="x">Canadian Research Knowledge Network Springer Link Current:Full Text</subfield>
   <subfield code="z">1000000000949821</subfield>
  </datafield>
 </record>