
 <record>
  <leader>-----nas-a2200000z--4500</leader>
  <controlfield tag="008">131125uuuuuuuuuxx-uu-|------u|----|eng-d</controlfield>
  <datafield tag="010" ind1="" ind2="">
   <subfield code="a">  2004229343</subfield>
  </datafield>
  <datafield tag="245" ind1="" ind2="0">
   <subfield code="a">Studia geophysica et geodaetica</subfield>
  </datafield>
  <datafield tag="210" ind1="" ind2="">
   <subfield code="a">STUDIA GEOPHYS GEOD</subfield>
  </datafield>
  <datafield tag="210" ind1="" ind2="">
   <subfield code="a">STUD GEOPHYS GEOD</subfield>
  </datafield>
  <datafield tag="210" ind1="" ind2="">
   <subfield code="a">STUD GEOPH</subfield>
  </datafield>
  <datafield tag="210" ind1="" ind2="">
   <subfield code="a">STUDIA GEOPHYSICA ET GEODAETICA A JOURNAL OF GEOPHYSICS GEODESY METEOROLOGY</subfield>
  </datafield>
  <datafield tag="260" ind1="" ind2="">
   <subfield code="a">Praha,</subfield>
   <subfield code="b">Academia [etc.]</subfield>
  </datafield>
  <datafield tag="022" ind1="" ind2="">
   <subfield code="a">0039-3169</subfield>
  </datafield>
  <datafield tag="776" ind1="" ind2="">
   <subfield code="x">1573-1626</subfield>
  </datafield>
  <datafield tag="090" ind1="" ind2="">
   <subfield code="a">954925447733</subfield>
  </datafield>
  <datafield tag="866" ind1="" ind2="">
   <subfield code="a">Available from 1957 volume: 1 issue: 1 until 1996. </subfield>
   <subfield code="s">1000000000002986</subfield>
   <subfield code="t">1000000000002296</subfield>
   <subfield code="x">Canadian Research Knowledge Network Springer Link Archive:Full Text</subfield>
   <subfield code="z">1000000001789219</subfield>
  </datafield>
  <datafield tag="866" ind1="" ind2="">
   <subfield code="a">Available from 1997 volume: 41 issue: 1. </subfield>
   <subfield code="s">1000000000002533</subfield>
   <subfield code="t">1000000000001874</subfield>
   <subfield code="x">Canadian Research Knowledge Network Springer Link Current:Full Text</subfield>
   <subfield code="z">1000000000949991</subfield>
  </datafield>
 </record>