
 <record>
  <leader>-----nas-a2200000z--4500</leader>
  <controlfield tag="008">131125uuuuuuuuuxx-uu-|------u|----|eng-d</controlfield>
  <datafield tag="010" ind1="" ind2="">
   <subfield code="a">sf 79010288 </subfield>
  </datafield>
  <datafield tag="245" ind1="" ind2="0">
   <subfield code="a">Theoretical foundations of chemical engineering</subfield>
  </datafield>
  <datafield tag="210" ind1="" ind2="">
   <subfield code="a">THEOR FOUND CHEM ENGINEERING</subfield>
  </datafield>
  <datafield tag="210" ind1="" ind2="">
   <subfield code="a">THEOR FOUND CHEM ENG</subfield>
  </datafield>
  <datafield tag="210" ind1="" ind2="">
   <subfield code="a">THEOR F CH</subfield>
  </datafield>
  <datafield tag="210" ind1="" ind2="">
   <subfield code="a">THEOR FOUND CHEM EN+</subfield>
  </datafield>
  <datafield tag="260" ind1="" ind2="">
   <subfield code="a">New York,</subfield>
   <subfield code="b">MAIK Nauka/Interperiodica</subfield>
  </datafield>
  <datafield tag="022" ind1="" ind2="">
   <subfield code="a">0040-5795</subfield>
  </datafield>
  <datafield tag="776" ind1="" ind2="">
   <subfield code="x">1608-3431</subfield>
  </datafield>
  <datafield tag="090" ind1="" ind2="">
   <subfield code="a">954925449787</subfield>
  </datafield>
  <datafield tag="866" ind1="" ind2="">
   <subfield code="a">Available from 2000 volume: 34 issue: 1. </subfield>
   <subfield code="s">1000000000002533</subfield>
   <subfield code="t">1000000000001874</subfield>
   <subfield code="x">Canadian Research Knowledge Network Springer Link Current:Full Text</subfield>
   <subfield code="z">1000000000950050</subfield>
  </datafield>
 </record>