
 <record>
  <leader>-----nas-a2200000z--4500</leader>
  <controlfield tag="008">131125uuuuuuuuuxx-uu-|------u|----|ger-d</controlfield>
  <datafield tag="245" ind1="" ind2="0">
   <subfield code="a">Wiener klinische Wochenschrift</subfield>
  </datafield>
  <datafield tag="210" ind1="" ind2="">
   <subfield code="a">WIEN KLIN W</subfield>
  </datafield>
  <datafield tag="210" ind1="" ind2="">
   <subfield code="a">WIEN KLIN WOCHENSCHR</subfield>
  </datafield>
  <datafield tag="210" ind1="" ind2="">
   <subfield code="a">WIEN KLIN WOCHEN</subfield>
  </datafield>
  <datafield tag="210" ind1="" ind2="">
   <subfield code="a">WIENER KLINISCHE WOCHENSCHRIFT (THE MIDDLE EUROPEAN JOURNAL OF MEDICINE)</subfield>
  </datafield>
  <datafield tag="210" ind1="" ind2="">
   <subfield code="a">DIE WIENER KLINISCHE WOCHENSCHRIFT </subfield>
  </datafield>
  <datafield tag="260" ind1="" ind2="">
   <subfield code="a">Wien,</subfield>
   <subfield code="b">Springer Wien</subfield>
  </datafield>
  <datafield tag="022" ind1="" ind2="">
   <subfield code="a">0043-5325</subfield>
  </datafield>
  <datafield tag="776" ind1="" ind2="">
   <subfield code="x">1613-7671</subfield>
  </datafield>
  <datafield tag="090" ind1="" ind2="">
   <subfield code="a">954925452871</subfield>
  </datafield>
  <datafield tag="866" ind1="" ind2="">
   <subfield code="a">Available from 2003 volume: 115 issue: 1. </subfield>
   <subfield code="s">1000000000002533</subfield>
   <subfield code="t">1000000000001874</subfield>
   <subfield code="x">Canadian Research Knowledge Network Springer Link Current:Full Text</subfield>
   <subfield code="z">1000000000950090</subfield>
  </datafield>
 </record>