
 <record>
  <leader>-----nas-a2200000z--4500</leader>
  <controlfield tag="008">131125uuuuuuuuuxx-uu-|------u|----|eng-d</controlfield>
  <datafield tag="010" ind1="" ind2="">
   <subfield code="a">  2001252642</subfield>
  </datafield>
  <datafield tag="245" ind1="" ind2="0">
   <subfield code="a">Brazilian journal of physics</subfield>
  </datafield>
  <datafield tag="210" ind1="" ind2="">
   <subfield code="a">BRAZ J PHYS</subfield>
  </datafield>
  <datafield tag="210" ind1="" ind2="">
   <subfield code="a">BRASILIAN JOURNAL OF PHYSICS</subfield>
  </datafield>
  <datafield tag="260" ind1="" ind2="">
   <subfield code="a">São Paulo, Brazil</subfield>
   <subfield code="b">Sociedade Brasileira de Física</subfield>
  </datafield>
  <datafield tag="022" ind1="" ind2="">
   <subfield code="a">0103-9733</subfield>
  </datafield>
  <datafield tag="776" ind1="" ind2="">
   <subfield code="x">1678-4448</subfield>
  </datafield>
  <datafield tag="090" ind1="" ind2="">
   <subfield code="a">954925467287</subfield>
  </datafield>
  <datafield tag="866" ind1="" ind2="">
   <subfield code="a">Available from 2011 volume: 41 issue: 1. </subfield>
   <subfield code="s">1000000000002533</subfield>
   <subfield code="t">1000000000001874</subfield>
   <subfield code="x">Canadian Research Knowledge Network Springer Link Current:Full Text</subfield>
   <subfield code="z">3460000000011016</subfield>
  </datafield>
 </record>