
 <record>
  <leader>-----nas-a2200000z--4500</leader>
  <controlfield tag="008">131125uuuuuuuuuxx-uu-|------u|----|eng-d</controlfield>
  <datafield tag="010" ind1="" ind2="">
   <subfield code="a">   75644153 </subfield>
  </datafield>
  <datafield tag="245" ind1="" ind2="0">
   <subfield code="a">Reaction kinetics and catalysis letters</subfield>
  </datafield>
  <datafield tag="210" ind1="" ind2="">
   <subfield code="a">REACT KINET CATAL LETT</subfield>
  </datafield>
  <datafield tag="210" ind1="" ind2="">
   <subfield code="a">REACT KINET CATAL L</subfield>
  </datafield>
  <datafield tag="210" ind1="" ind2="">
   <subfield code="a">REACT KIN C</subfield>
  </datafield>
  <datafield tag="210" ind1="" ind2="">
   <subfield code="a">REACTION KINETICS &amp; CATALYSIS LETTERS</subfield>
  </datafield>
  <datafield tag="260" ind1="" ind2="">
   <subfield code="a">Netherlands</subfield>
   <subfield code="b">Kluwer Academic Publishers</subfield>
  </datafield>
  <datafield tag="022" ind1="" ind2="">
   <subfield code="a">0133-1736</subfield>
  </datafield>
  <datafield tag="776" ind1="" ind2="">
   <subfield code="x">1588-2837</subfield>
  </datafield>
  <datafield tag="090" ind1="" ind2="">
   <subfield code="a">954925470318</subfield>
  </datafield>
  <datafield tag="866" ind1="" ind2="">
   <subfield code="a">Available from 1974 volume: 1 issue: 1 until 1996. </subfield>
   <subfield code="s">1000000000002986</subfield>
   <subfield code="t">1000000000002296</subfield>
   <subfield code="x">Canadian Research Knowledge Network Springer Link Archive:Full Text</subfield>
   <subfield code="z">1000000001788886</subfield>
  </datafield>
  <datafield tag="866" ind1="" ind2="">
   <subfield code="a">Available from 1974 volume: 1. </subfield>
   <subfield code="b">$obj-&gt;parsedDate('&gt;=','1974','1','undef')</subfield>
   <subfield code="c">L</subfield>
   <subfield code="s">1000000000002533</subfield>
   <subfield code="t">1000000000001874</subfield>
   <subfield code="x">Canadian Research Knowledge Network Springer Link Current:Full Text</subfield>
   <subfield code="z">1000000000949896</subfield>
  </datafield>
 </record>