
 <record>
  <leader>-----nas-a2200000z--4500</leader>
  <controlfield tag="008">131125uuuuuuuuuxx-uu-|------u|----|eng-d</controlfield>
  <datafield tag="010" ind1="" ind2="">
   <subfield code="a">  2006264610</subfield>
  </datafield>
  <datafield tag="245" ind1="" ind2="0">
   <subfield code="a">Medical &amp; biological engineering &amp; computing</subfield>
  </datafield>
  <datafield tag="210" ind1="" ind2="">
   <subfield code="a">MED BIOL ENG COMPUT</subfield>
  </datafield>
  <datafield tag="210" ind1="" ind2="">
   <subfield code="a">MED BIO E C</subfield>
  </datafield>
  <datafield tag="210" ind1="" ind2="">
   <subfield code="a">MEDICAL AND BIOLOGICAL ENGINEERING AND COMPUTING</subfield>
  </datafield>
  <datafield tag="210" ind1="" ind2="">
   <subfield code="a">MEDICAL &amp; BIOLOGICAL ENGINEERING AND COMPUTING</subfield>
  </datafield>
  <datafield tag="260" ind1="" ind2="">
   <subfield code="a">[London,]</subfield>
   <subfield code="b">[P. Peregrinus Ltd.]</subfield>
  </datafield>
  <datafield tag="022" ind1="" ind2="">
   <subfield code="a">0140-0118</subfield>
  </datafield>
  <datafield tag="776" ind1="" ind2="">
   <subfield code="x">1741-0444</subfield>
  </datafield>
  <datafield tag="090" ind1="" ind2="">
   <subfield code="a">954925470326</subfield>
  </datafield>
  <datafield tag="866" ind1="" ind2="">
   <subfield code="a">Available from 1977 until 1996. </subfield>
   <subfield code="b">$obj-&gt;parsedDate('&gt;=','1977',undef,undef) &amp;&amp; $obj-&gt;parsedDate('&lt;=','1996',undef,undef)</subfield>
   <subfield code="c">L</subfield>
   <subfield code="s">1000000000002986</subfield>
   <subfield code="t">1000000000002296</subfield>
   <subfield code="x">Canadian Research Knowledge Network Springer Link Archive:Full Text</subfield>
   <subfield code="z">1000000001826183</subfield>
  </datafield>
  <datafield tag="866" ind1="" ind2="">
   <subfield code="a">Available from 1997 volume: 35 issue: 1. </subfield>
   <subfield code="s">1000000000002533</subfield>
   <subfield code="t">1000000000001874</subfield>
   <subfield code="x">Canadian Research Knowledge Network Springer Link Current:Full Text</subfield>
   <subfield code="z">1000000000949694</subfield>
  </datafield>
 </record>