
 <record>
  <leader>-----nas-a2200000z--4500</leader>
  <controlfield tag="008">131125uuuuuuuuuxx-uu-|------u|----|eng-d</controlfield>
  <datafield tag="010" ind1="" ind2="">
   <subfield code="a">   83647291 </subfield>
  </datafield>
  <datafield tag="245" ind1="" ind2="0">
   <subfield code="a">Bioscience reports</subfield>
  </datafield>
  <datafield tag="210" ind1="" ind2="">
   <subfield code="a">BIOSCIENCE REP</subfield>
  </datafield>
  <datafield tag="210" ind1="" ind2="">
   <subfield code="a">BIOSCI REP</subfield>
  </datafield>
  <datafield tag="210" ind1="" ind2="">
   <subfield code="a">BIOSCIENCE REPORTS MOLECULAR AND CELLULAR BIOLOGY OF THE CELL SURFACE</subfield>
  </datafield>
  <datafield tag="260" ind1="" ind2="">
   <subfield code="a">London</subfield>
   <subfield code="b">Biochemical Society</subfield>
  </datafield>
  <datafield tag="022" ind1="" ind2="">
   <subfield code="a">0144-8463</subfield>
  </datafield>
  <datafield tag="776" ind1="" ind2="">
   <subfield code="x">1573-4935</subfield>
  </datafield>
  <datafield tag="090" ind1="" ind2="">
   <subfield code="a">954925473391</subfield>
  </datafield>
  <datafield tag="866" ind1="" ind2="">
   <subfield code="a">Available from 1981 volume: 1 issue: 1 until 1996. </subfield>
   <subfield code="s">1000000000002986</subfield>
   <subfield code="t">1000000000002296</subfield>
   <subfield code="x">Canadian Research Knowledge Network Springer Link Archive:Full Text</subfield>
   <subfield code="z">1000000001788954</subfield>
  </datafield>
 </record>