
 <record>
  <leader>-----nas-a2200000z--4500</leader>
  <controlfield tag="008">131125uuuuuuuuuxx-uu-|------u|----|eng-d</controlfield>
  <datafield tag="010" ind1="" ind2="">
   <subfield code="a">  2005214074</subfield>
  </datafield>
  <datafield tag="245" ind1="" ind2="0">
   <subfield code="a">Automatic control and computer sciences</subfield>
  </datafield>
  <datafield tag="210" ind1="" ind2="">
   <subfield code="a">AUTOM CONTROL COMP SCI</subfield>
  </datafield>
  <datafield tag="210" ind1="" ind2="">
   <subfield code="a">AUTOM CONTROL COMPUT SCI</subfield>
  </datafield>
  <datafield tag="210" ind1="" ind2="">
   <subfield code="a">AUTOM CONTROL COMP S</subfield>
  </datafield>
  <datafield tag="210" ind1="" ind2="">
   <subfield code="a">AUTOM C C S</subfield>
  </datafield>
  <datafield tag="210" ind1="" ind2="">
   <subfield code="a">AUTOMATIC CONTROL &amp; COMPUTER SCIENCES</subfield>
  </datafield>
  <datafield tag="260" ind1="" ind2="">
   <subfield code="a">New York,</subfield>
   <subfield code="b">Allerton Press.</subfield>
  </datafield>
  <datafield tag="022" ind1="" ind2="">
   <subfield code="a">0146-4116</subfield>
  </datafield>
  <datafield tag="776" ind1="" ind2="">
   <subfield code="x">1558-108X</subfield>
  </datafield>
  <datafield tag="090" ind1="" ind2="">
   <subfield code="a">954925474422</subfield>
  </datafield>
  <datafield tag="866" ind1="" ind2="">
   <subfield code="a">Available from 2007 volume: 41 issue: 1. </subfield>
   <subfield code="s">1000000000002533</subfield>
   <subfield code="t">1000000000001874</subfield>
   <subfield code="x">Canadian Research Knowledge Network Springer Link Current:Full Text</subfield>
   <subfield code="z">1000000001825866</subfield>
  </datafield>
 </record>