
 <record>
  <leader>-----nas-a2200000z--4500</leader>
  <controlfield tag="008">131125uuuuuuuuuxx-uu-|------u|----|eng-d</controlfield>
  <datafield tag="010" ind1="" ind2="">
   <subfield code="a">  2004233068</subfield>
  </datafield>
  <datafield tag="245" ind1="" ind2="0">
   <subfield code="a">Origins of life and evolution of the biosphere</subfield>
  </datafield>
  <datafield tag="210" ind1="" ind2="">
   <subfield code="a">ORIG LIFE EVOL BIOSPH</subfield>
  </datafield>
  <datafield tag="210" ind1="" ind2="">
   <subfield code="a">ORIGINS LIFE EVOL BIOSPHERE</subfield>
  </datafield>
  <datafield tag="210" ind1="" ind2="">
   <subfield code="a">ORIGINS LIFE EVOL B</subfield>
  </datafield>
  <datafield tag="210" ind1="" ind2="">
   <subfield code="a">ORIGIN LIFE</subfield>
  </datafield>
  <datafield tag="210" ind1="" ind2="">
   <subfield code="a">ORIGINS LIFE EVOL BIOSPH</subfield>
  </datafield>
  <datafield tag="210" ind1="" ind2="">
   <subfield code="a">ORIGINS OF LIFE &amp; EVOLUTION OF THE BIOSPHERE</subfield>
  </datafield>
  <datafield tag="210" ind1="" ind2="">
   <subfield code="a">ORIGINS OF LIFE AND EVOLUTION OF BIOSPHERES</subfield>
  </datafield>
  <datafield tag="260" ind1="" ind2="">
   <subfield code="a">Dordrecht</subfield>
   <subfield code="b">Springer Netherlands</subfield>
  </datafield>
  <datafield tag="022" ind1="" ind2="">
   <subfield code="a">0169-6149</subfield>
  </datafield>
  <datafield tag="776" ind1="" ind2="">
   <subfield code="x">1573-0875</subfield>
  </datafield>
  <datafield tag="090" ind1="" ind2="">
   <subfield code="a">954925486739</subfield>
  </datafield>
  <datafield tag="866" ind1="" ind2="">
   <subfield code="a">Available from 1968 volume: 1 issue: 1 until 1996. </subfield>
   <subfield code="s">1000000000002986</subfield>
   <subfield code="t">1000000000002296</subfield>
   <subfield code="x">Canadian Research Knowledge Network Springer Link Archive:Full Text</subfield>
   <subfield code="z">1000000001789020</subfield>
  </datafield>
  <datafield tag="866" ind1="" ind2="">
   <subfield code="a">Available from 1997 volume: 27 issue: 1. </subfield>
   <subfield code="s">1000000000002533</subfield>
   <subfield code="t">1000000000001874</subfield>
   <subfield code="x">Canadian Research Knowledge Network Springer Link Current:Full Text</subfield>
   <subfield code="z">1000000000949798</subfield>
  </datafield>
 </record>