
 <record>
  <leader>-----nas-a2200000z--4500</leader>
  <controlfield tag="008">131125uuuuuuuuuxx-uu-|------u|----|eng-d</controlfield>
  <datafield tag="010" ind1="" ind2="">
   <subfield code="a">   80649941 </subfield>
  </datafield>
  <datafield tag="245" ind1="" ind2="0">
   <subfield code="a">Helgoländer Meeresuntersuchungen</subfield>
  </datafield>
  <datafield tag="210" ind1="" ind2="">
   <subfield code="a">HELGOL MEERESUNTERS</subfield>
  </datafield>
  <datafield tag="210" ind1="" ind2="">
   <subfield code="a">HELGOLANDER MEERESUNTERS</subfield>
  </datafield>
  <datafield tag="210" ind1="" ind2="">
   <subfield code="a">HELGOLANDER MEERESUN</subfield>
  </datafield>
  <datafield tag="210" ind1="" ind2="">
   <subfield code="a">HELG MEER</subfield>
  </datafield>
  <datafield tag="210" ind1="" ind2="">
   <subfield code="a">HELGOL MEERSUNTERS</subfield>
  </datafield>
  <datafield tag="260" ind1="" ind2="">
   <subfield code="a">Hamburg,</subfield>
   <subfield code="b">Biologische Anstalt Helgoland</subfield>
  </datafield>
  <datafield tag="022" ind1="" ind2="">
   <subfield code="a">0174-3597</subfield>
  </datafield>
  <datafield tag="090" ind1="" ind2="">
   <subfield code="a">954925487772</subfield>
  </datafield>
  <datafield tag="866" ind1="" ind2="">
   <subfield code="a">Available from 1980 volume: 1 issue: 1 until 1996. </subfield>
   <subfield code="b">$obj-&gt;parsedDate('&gt;=','1980','1','1') &amp;&amp; $obj-&gt;parsedDate('&lt;=','1996','undef','undef')</subfield>
   <subfield code="c">G</subfield>
   <subfield code="s">1000000000002986</subfield>
   <subfield code="t">1000000000002296</subfield>
   <subfield code="x">Canadian Research Knowledge Network Springer Link Archive:Full Text</subfield>
   <subfield code="z">10920000000044633</subfield>
  </datafield>
  <datafield tag="866" ind1="" ind2="">
   <subfield code="a">Available from 1997 volume: 51 issue: 1 until 1998 volume: 52 issue: 4. </subfield>
   <subfield code="s">1000000000002533</subfield>
   <subfield code="t">1000000000001874</subfield>
   <subfield code="x">Canadian Research Knowledge Network Springer Link Current:Full Text</subfield>
   <subfield code="z">3390000000100987</subfield>
  </datafield>
 </record>