
 <record>
  <leader>-----nas-a2200000z--4500</leader>
  <controlfield tag="008">131125uuuuuuuuuxx-uu-|------u|----|ger-d</controlfield>
  <datafield tag="245" ind1="" ind2="0">
   <subfield code="a">Discrete &amp; Computational Geometry</subfield>
  </datafield>
  <datafield tag="210" ind1="" ind2="">
   <subfield code="a">DISCRET COMPUT GEOM</subfield>
  </datafield>
  <datafield tag="210" ind1="" ind2="">
   <subfield code="a">DISCRETE COMPUT GEOM</subfield>
  </datafield>
  <datafield tag="210" ind1="" ind2="">
   <subfield code="a">DISC COM G</subfield>
  </datafield>
  <datafield tag="210" ind1="" ind2="">
   <subfield code="a">DISCRETE AND COMPUTATIONAL GEOMETRY</subfield>
  </datafield>
  <datafield tag="210" ind1="" ind2="">
   <subfield code="a">LECT NOTES COMPUT SC</subfield>
  </datafield>
  <datafield tag="260" ind1="" ind2="">
   <subfield code="a">New York</subfield>
   <subfield code="b">Springer</subfield>
  </datafield>
  <datafield tag="022" ind1="" ind2="">
   <subfield code="a">0179-5376</subfield>
  </datafield>
  <datafield tag="776" ind1="" ind2="">
   <subfield code="x">1432-0444</subfield>
  </datafield>
  <datafield tag="090" ind1="" ind2="">
   <subfield code="a">954925488802</subfield>
  </datafield>
  <datafield tag="866" ind1="" ind2="">
   <subfield code="a">Available from 1986 volume: 1 issue: 1 until 1996. </subfield>
   <subfield code="s">1000000000002986</subfield>
   <subfield code="t">1000000000002296</subfield>
   <subfield code="x">Canadian Research Knowledge Network Springer Link Archive:Full Text</subfield>
   <subfield code="z">1000000001789001</subfield>
  </datafield>
  <datafield tag="866" ind1="" ind2="">
   <subfield code="a">Available from 1997 volume: 17 issue: 1. </subfield>
   <subfield code="s">1000000000002533</subfield>
   <subfield code="t">1000000000001874</subfield>
   <subfield code="x">Canadian Research Knowledge Network Springer Link Current:Full Text</subfield>
   <subfield code="z">1000000000949128</subfield>
  </datafield>
 </record>