
 <record>
  <leader>-----nas-a2200000z--4500</leader>
  <controlfield tag="008">131125uuuuuuuuuxx-uu-|------u|----|eng-d</controlfield>
  <datafield tag="245" ind1="" ind2="0">
   <subfield code="a">National Academy Science Letters</subfield>
  </datafield>
  <datafield tag="210" ind1="" ind2="">
   <subfield code="a">NATL ACAD SCI LETT INDIA</subfield>
  </datafield>
  <datafield tag="210" ind1="" ind2="">
   <subfield code="a">NATL ACAD SCI LETT</subfield>
  </datafield>
  <datafield tag="210" ind1="" ind2="">
   <subfield code="a">NATL ACAD S</subfield>
  </datafield>
  <datafield tag="210" ind1="" ind2="">
   <subfield code="a">NATIONAL ACADEMY SCIENCE LETTERS INDIA</subfield>
  </datafield>
  <datafield tag="210" ind1="" ind2="">
   <subfield code="a">NATIONAL ACADEMY OF SCIENCES INDIA SCIENCE LETTERS</subfield>
  </datafield>
  <datafield tag="210" ind1="" ind2="">
   <subfield code="a">NAT. ACAD. SCI. LETT</subfield>
  </datafield>
  <datafield tag="260" ind1="" ind2="">
   <subfield code="a">[Allahabad]</subfield>
   <subfield code="b">National Academy of Sciences.</subfield>
  </datafield>
  <datafield tag="022" ind1="" ind2="">
   <subfield code="a">0250-541X</subfield>
  </datafield>
  <datafield tag="776" ind1="" ind2="">
   <subfield code="x">2250-1754</subfield>
  </datafield>
  <datafield tag="090" ind1="" ind2="">
   <subfield code="a">954925494987</subfield>
  </datafield>
  <datafield tag="866" ind1="" ind2="">
   <subfield code="a">Available from 2012 volume: 35 issue: 1. </subfield>
   <subfield code="s">1000000000002533</subfield>
   <subfield code="t">1000000000001874</subfield>
   <subfield code="x">Canadian Research Knowledge Network Springer Link Current:Full Text</subfield>
   <subfield code="z">3360000000813194</subfield>
  </datafield>
 </record>