
 <record>
  <leader>-----nas-a2200000z--4500</leader>
  <controlfield tag="008">131125uuuuuuuuuxx-uu-|------u|----|eng-d</controlfield>
  <datafield tag="010" ind1="" ind2="">
   <subfield code="a">   85644799 </subfield>
  </datafield>
  <datafield tag="245" ind1="" ind2="0">
   <subfield code="a">Proceedings of the Indian Academy of Sciences. Chemical sciences</subfield>
  </datafield>
  <datafield tag="210" ind1="" ind2="">
   <subfield code="a">PROC INDIAN ACAD SCI CHEM SCI</subfield>
  </datafield>
  <datafield tag="210" ind1="" ind2="">
   <subfield code="a">P INDIAN AS CHEM SCI</subfield>
  </datafield>
  <datafield tag="210" ind1="" ind2="">
   <subfield code="a">P I A S CH</subfield>
  </datafield>
  <datafield tag="210" ind1="" ind2="">
   <subfield code="a">INDIAN ACADEMY OF SCIENCES PROCEEDINGS CHEMICAL SCIENCES</subfield>
  </datafield>
  <datafield tag="210" ind1="" ind2="">
   <subfield code="a">PROCEEDINGS OF THE INDIAN ACADEMY OF SCIENCES. CHEMICAL SCIENCE</subfield>
  </datafield>
  <datafield tag="210" ind1="" ind2="">
   <subfield code="a">PROCEEDINGS OF THE INDIAN ACADEMY OF SCIENCES </subfield>
  </datafield>
  <datafield tag="260" ind1="" ind2="">
   <subfield code="a">Bangalore</subfield>
   <subfield code="b">The Indian Academy of Sciences</subfield>
  </datafield>
  <datafield tag="022" ind1="" ind2="">
   <subfield code="a">0253-4134</subfield>
  </datafield>
  <datafield tag="776" ind1="" ind2="">
   <subfield code="x">0370-0087</subfield>
  </datafield>
  <datafield tag="090" ind1="" ind2="">
   <subfield code="a">954925495006</subfield>
  </datafield>
  <datafield tag="866" ind1="" ind2="">
   <subfield code="a">Available from 1980 volume: 89 until 1996 volume: 108. </subfield>
   <subfield code="b">$obj-&gt;parsedDate('&gt;=','1980','89',undef) &amp;&amp; $obj-&gt;parsedDate('&lt;=','1996','108',undef)</subfield>
   <subfield code="c">L</subfield>
   <subfield code="s">1000000000002986</subfield>
   <subfield code="t">1000000000002296</subfield>
   <subfield code="x">Canadian Research Knowledge Network Springer Link Archive:Full Text</subfield>
   <subfield code="z">1000000001826116</subfield>
  </datafield>
  <datafield tag="866" ind1="" ind2="">
   <subfield code="a">Available from 1997 volume: 109 issue: 1 until 2003 volume: 115 issue: 6. </subfield>
   <subfield code="s">1000000000002533</subfield>
   <subfield code="t">1000000000001874</subfield>
   <subfield code="x">Canadian Research Knowledge Network Springer Link Current:Full Text</subfield>
   <subfield code="z">3390000000100989</subfield>
  </datafield>
 </record>