
 <record>
  <leader>-----nas-a2200000z--4500</leader>
  <controlfield tag="008">131125uuuuuuuuuxx-uu-|------u|----|eng-d</controlfield>
  <datafield tag="010" ind1="" ind2="">
   <subfield code="a">sn 90014129 </subfield>
  </datafield>
  <datafield tag="245" ind1="" ind2="0">
   <subfield code="a">European journal of psychology of education</subfield>
  </datafield>
  <datafield tag="210" ind1="" ind2="">
   <subfield code="a">EUR J PSYCHOL EDUC</subfield>
  </datafield>
  <datafield tag="210" ind1="" ind2="">
   <subfield code="a">EUROPEAN JOURNAL OF PSYCHOLOGY OF EDUCATION - EJPE</subfield>
  </datafield>
  <datafield tag="260" ind1="" ind2="">
   <subfield code="a">Lisboa, Portugal</subfield>
   <subfield code="b">I.S.P.A./Instituto Superior de Psicologia Aplicada</subfield>
  </datafield>
  <datafield tag="022" ind1="" ind2="">
   <subfield code="a">0256-2928</subfield>
  </datafield>
  <datafield tag="776" ind1="" ind2="">
   <subfield code="x">1878-5174</subfield>
  </datafield>
  <datafield tag="090" ind1="" ind2="">
   <subfield code="a">954925496034</subfield>
  </datafield>
  <datafield tag="866" ind1="" ind2="">
   <subfield code="a">Available from 1997 volume: 12 issue: 1. </subfield>
   <subfield code="s">1000000000002533</subfield>
   <subfield code="t">1000000000001874</subfield>
   <subfield code="x">Canadian Research Knowledge Network Springer Link Current:Full Text</subfield>
   <subfield code="z">1000000002187754</subfield>
  </datafield>
 </record>