
 <record>
  <leader>-----nas-a2200000z--4500</leader>
  <controlfield tag="008">131125uuuuuuuuuxx-uu-|------u|----|eng-d</controlfield>
  <datafield tag="010" ind1="" ind2="">
   <subfield code="a">sn 88038059 </subfield>
  </datafield>
  <datafield tag="245" ind1="" ind2="0">
   <subfield code="a">Queueing systems</subfield>
  </datafield>
  <datafield tag="210" ind1="" ind2="">
   <subfield code="a">QUEUEING SYSTEMS THEORY AND APPLICATION</subfield>
  </datafield>
  <datafield tag="210" ind1="" ind2="">
   <subfield code="a">QUEUING SYST</subfield>
  </datafield>
  <datafield tag="210" ind1="" ind2="">
   <subfield code="a">QUEUEING SYST</subfield>
  </datafield>
  <datafield tag="210" ind1="" ind2="">
   <subfield code="a">QUEUEING S</subfield>
  </datafield>
  <datafield tag="210" ind1="" ind2="">
   <subfield code="a">QUEUEING SYSTEMS THEORY AND PRACTICE</subfield>
  </datafield>
  <datafield tag="210" ind1="" ind2="">
   <subfield code="a">QUEUEING SYSTEMS THEORY AND APPLICATIONS</subfield>
  </datafield>
  <datafield tag="260" ind1="" ind2="">
   <subfield code="a">Basel, Switzerland</subfield>
   <subfield code="b">J.C. Baltzer AG</subfield>
  </datafield>
  <datafield tag="022" ind1="" ind2="">
   <subfield code="a">0257-0130</subfield>
  </datafield>
  <datafield tag="776" ind1="" ind2="">
   <subfield code="x">1572-9443</subfield>
  </datafield>
  <datafield tag="090" ind1="" ind2="">
   <subfield code="a">954925496040</subfield>
  </datafield>
  <datafield tag="866" ind1="" ind2="">
   <subfield code="a">Available from 1986 volume: 1 issue: 1 until 1996. </subfield>
   <subfield code="s">1000000000002986</subfield>
   <subfield code="t">1000000000002296</subfield>
   <subfield code="x">Canadian Research Knowledge Network Springer Link Archive:Full Text</subfield>
   <subfield code="z">1000000001789204</subfield>
  </datafield>
  <datafield tag="866" ind1="" ind2="">
   <subfield code="a">Available from 1997 volume: 25 issue: 1. </subfield>
   <subfield code="s">1000000000002533</subfield>
   <subfield code="t">1000000000001874</subfield>
   <subfield code="x">Canadian Research Knowledge Network Springer Link Current:Full Text</subfield>
   <subfield code="z">1000000000949891</subfield>
  </datafield>
 </record>