
 <record>
  <leader>-----nas-a2200000z--4500</leader>
  <controlfield tag="008">131125uuuuuuuuuxx-uu-|------u|----|eng-d</controlfield>
  <datafield tag="010" ind1="" ind2="">
   <subfield code="a">   82643072 </subfield>
  </datafield>
  <datafield tag="245" ind1="" ind2="0">
   <subfield code="a">Wetlands</subfield>
  </datafield>
  <datafield tag="260" ind1="" ind2="">
   <subfield code="a">[McClean, Va.]</subfield>
   <subfield code="b">Society of Wetland Scientists</subfield>
  </datafield>
  <datafield tag="022" ind1="" ind2="">
   <subfield code="a">0277-5212</subfield>
  </datafield>
  <datafield tag="776" ind1="" ind2="">
   <subfield code="x">1943-6246</subfield>
  </datafield>
  <datafield tag="090" ind1="" ind2="">
   <subfield code="a">954925505270</subfield>
  </datafield>
  <datafield tag="866" ind1="" ind2="">
   <subfield code="a">Available from 1997 volume: 17 issue: 1. </subfield>
   <subfield code="s">1000000000002533</subfield>
   <subfield code="t">1000000000001874</subfield>
   <subfield code="x">Canadian Research Knowledge Network Springer Link Current:Full Text</subfield>
   <subfield code="z">2590000000002456</subfield>
  </datafield>
 </record>