
 <record>
  <leader>-----nas-a2200000z--4500</leader>
  <controlfield tag="008">131125uuuuuuuuuxx-uu-|------u|----|eng-d</controlfield>
  <datafield tag="010" ind1="" ind2="">
   <subfield code="a">  2001229257</subfield>
  </datafield>
  <datafield tag="245" ind1="" ind2="">
   <subfield code="a">Radiation and environmental biophysics</subfield>
  </datafield>
  <datafield tag="210" ind1="" ind2="">
   <subfield code="a">RADIAT ENVIRON BIOPHYS</subfield>
  </datafield>
  <datafield tag="210" ind1="" ind2="">
   <subfield code="a">RADIAT ENVIRON BIOPH</subfield>
  </datafield>
  <datafield tag="210" ind1="" ind2="">
   <subfield code="a">RADIAT ENV</subfield>
  </datafield>
  <datafield tag="210" ind1="" ind2="">
   <subfield code="a">RADIATION &amp; ENVIRONMENTAL BIOPHYSICS</subfield>
  </datafield>
  <datafield tag="260" ind1="" ind2="">
   <subfield code="a">Berlin</subfield>
   <subfield code="b">Springer-Verlag</subfield>
  </datafield>
  <datafield tag="022" ind1="" ind2="">
   <subfield code="a">0301-634X</subfield>
  </datafield>
  <datafield tag="776" ind1="" ind2="">
   <subfield code="x">1432-2099</subfield>
  </datafield>
  <datafield tag="090" ind1="" ind2="">
   <subfield code="a">954925510402</subfield>
  </datafield>
  <datafield tag="866" ind1="" ind2="">
   <subfield code="a">Available from 1963 volume: 1 issue: 1 until 1996. </subfield>
   <subfield code="s">1000000000002986</subfield>
   <subfield code="t">1000000000002296</subfield>
   <subfield code="x">Canadian Research Knowledge Network Springer Link Archive:Full Text</subfield>
   <subfield code="z">1000000001789172</subfield>
  </datafield>
  <datafield tag="866" ind1="" ind2="">
   <subfield code="a">Available from 1997 volume: 36 issue: 1. </subfield>
   <subfield code="s">1000000000002533</subfield>
   <subfield code="t">1000000000001874</subfield>
   <subfield code="x">Canadian Research Knowledge Network Springer Link Current:Full Text</subfield>
   <subfield code="z">1000000000949892</subfield>
  </datafield>
 </record>