
 <record>
  <leader>-----nas-a2200000z--4500</leader>
  <controlfield tag="008">131125uuuuuuuuuxx-uu-|------u|----|eng-d</controlfield>
  <datafield tag="010" ind1="" ind2="">
   <subfield code="a">  2002227385</subfield>
  </datafield>
  <datafield tag="245" ind1="" ind2="0">
   <subfield code="a">Theory and society</subfield>
  </datafield>
  <datafield tag="210" ind1="" ind2="">
   <subfield code="a">THEORY AND SOCIETY RENEWAL AND CRITIQUE IN SOCIAL THEORY</subfield>
  </datafield>
  <datafield tag="210" ind1="" ind2="">
   <subfield code="a">THEOR SOC</subfield>
  </datafield>
  <datafield tag="210" ind1="" ind2="">
   <subfield code="a">THEORY SOC</subfield>
  </datafield>
  <datafield tag="210" ind1="" ind2="">
   <subfield code="a">THEORY &amp; SOCIETY</subfield>
  </datafield>
  <datafield tag="260" ind1="" ind2="">
   <subfield code="a">Dordrecht [etc.]</subfield>
   <subfield code="b">Martinus Nijhoff Publishers [etc.]</subfield>
  </datafield>
  <datafield tag="022" ind1="" ind2="">
   <subfield code="a">0304-2421</subfield>
  </datafield>
  <datafield tag="776" ind1="" ind2="">
   <subfield code="x">1573-7853</subfield>
  </datafield>
  <datafield tag="090" ind1="" ind2="">
   <subfield code="a">954925511436</subfield>
  </datafield>
  <datafield tag="866" ind1="" ind2="">
   <subfield code="a">Available from 1974 volume: 1 issue: 1 until 1996. </subfield>
   <subfield code="s">1000000000002986</subfield>
   <subfield code="t">1000000000002296</subfield>
   <subfield code="x">Canadian Research Knowledge Network Springer Link Archive:Full Text</subfield>
   <subfield code="z">1000000001789017</subfield>
  </datafield>
  <datafield tag="866" ind1="" ind2="">
   <subfield code="a">Available from 1997 volume: 26 issue: 1. </subfield>
   <subfield code="s">1000000000002533</subfield>
   <subfield code="t">1000000000001874</subfield>
   <subfield code="x">Canadian Research Knowledge Network Springer Link Current:Full Text</subfield>
   <subfield code="z">1000000000950053</subfield>
  </datafield>
 </record>