
 <record>
  <leader>-----nas-a2200000z--4500</leader>
  <controlfield tag="008">131125uuuuuuuuuxx-uu-|------u|----|eng-d</controlfield>
  <datafield tag="010" ind1="" ind2="">
   <subfield code="a">   74929509 </subfield>
  </datafield>
  <datafield tag="245" ind1="" ind2="0">
   <subfield code="a">Pramāna</subfield>
  </datafield>
  <datafield tag="210" ind1="" ind2="">
   <subfield code="a">PRAMANA J PHYS</subfield>
  </datafield>
  <datafield tag="210" ind1="" ind2="">
   <subfield code="a">PRAMANA J P</subfield>
  </datafield>
  <datafield tag="210" ind1="" ind2="">
   <subfield code="a">PRAMANA JOURNAL OF PHYSICS</subfield>
  </datafield>
  <datafield tag="210" ind1="" ind2="">
   <subfield code="a">PRAMANA-J PHYS</subfield>
  </datafield>
  <datafield tag="210" ind1="" ind2="">
   <subfield code="a">J PHYS</subfield>
  </datafield>
  <datafield tag="260" ind1="" ind2="">
   <subfield code="a">[Bangalore]</subfield>
   <subfield code="b">Indian Academy of Sciences in collaboration with Indian National Science Academy and Indian Physics Association</subfield>
  </datafield>
  <datafield tag="022" ind1="" ind2="">
   <subfield code="a">0304-4289</subfield>
  </datafield>
  <datafield tag="776" ind1="" ind2="">
   <subfield code="x">0973-7111</subfield>
  </datafield>
  <datafield tag="090" ind1="" ind2="">
   <subfield code="a">954925512462</subfield>
  </datafield>
  <datafield tag="866" ind1="" ind2="">
   <subfield code="a">Available from 1973 volume: 1 issue: 1 until 1996 volume: 47 issue: 6. </subfield>
   <subfield code="s">1000000000002986</subfield>
   <subfield code="t">1000000000002296</subfield>
   <subfield code="x">Canadian Research Knowledge Network Springer Link Archive:Full Text</subfield>
   <subfield code="z">1000000001826117</subfield>
  </datafield>
  <datafield tag="866" ind1="" ind2="">
   <subfield code="a">Available from 1997 volume: 49 issue: 1. </subfield>
   <subfield code="s">1000000000002533</subfield>
   <subfield code="t">1000000000001874</subfield>
   <subfield code="x">Canadian Research Knowledge Network Springer Link Current:Full Text</subfield>
   <subfield code="z">1000000000949857</subfield>
  </datafield>
 </record>