
 <record>
  <leader>-----nas-a2200000z--4500</leader>
  <controlfield tag="008">131125uuuuuuuuuxx-uu-|------u|----|eng-d</controlfield>
  <datafield tag="010" ind1="" ind2="">
   <subfield code="a">   00227312 </subfield>
  </datafield>
  <datafield tag="245" ind1="" ind2="0">
   <subfield code="a">Psychological research</subfield>
  </datafield>
  <datafield tag="210" ind1="" ind2="">
   <subfield code="a">PSYCHOLOGICAL RESEARCH PSYCHOLOGISCHE FORSCHUNG</subfield>
  </datafield>
  <datafield tag="210" ind1="" ind2="">
   <subfield code="a">PSYCHOL RES-PSYCH FO</subfield>
  </datafield>
  <datafield tag="210" ind1="" ind2="">
   <subfield code="a">PSYCHOL RES</subfield>
  </datafield>
  <datafield tag="260" ind1="" ind2="">
   <subfield code="a">Berlin</subfield>
   <subfield code="b">Springer-Verlag</subfield>
  </datafield>
  <datafield tag="022" ind1="" ind2="">
   <subfield code="a">0340-0727</subfield>
  </datafield>
  <datafield tag="776" ind1="" ind2="">
   <subfield code="x">1430-2772</subfield>
  </datafield>
  <datafield tag="090" ind1="" ind2="">
   <subfield code="a">954925518603</subfield>
  </datafield>
  <datafield tag="866" ind1="" ind2="">
   <subfield code="a">Available from 1974 volume: 37 until 1996. </subfield>
   <subfield code="b">$obj-&gt;parsedDate('&gt;=','1974','37','undef') &amp;&amp; $obj-&gt;parsedDate('&lt;=','1996','undef','undef')</subfield>
   <subfield code="c">L</subfield>
   <subfield code="s">1000000000002986</subfield>
   <subfield code="t">1000000000002296</subfield>
   <subfield code="x">Canadian Research Knowledge Network Springer Link Archive:Full Text</subfield>
   <subfield code="z">1000000001788769</subfield>
  </datafield>
  <datafield tag="866" ind1="" ind2="">
   <subfield code="a">Available from 1996 volume: 59 issue: 1. </subfield>
   <subfield code="s">1000000000002533</subfield>
   <subfield code="t">1000000000001874</subfield>
   <subfield code="x">Canadian Research Knowledge Network Springer Link Current:Full Text</subfield>
   <subfield code="z">1000000000949873</subfield>
  </datafield>
 </record>