
 <record>
  <leader>-----nas-a2200000z--4500</leader>
  <controlfield tag="008">131125uuuuuuuuuxx-uu-|------u|----|eng-d</controlfield>
  <datafield tag="010" ind1="" ind2="">
   <subfield code="a">  2004233637</subfield>
  </datafield>
  <datafield tag="245" ind1="" ind2="0">
   <subfield code="a">Cancer immunology and immunotherapy</subfield>
  </datafield>
  <datafield tag="210" ind1="" ind2="">
   <subfield code="a">CANCER IMMUNOL IMMUNOTHER</subfield>
  </datafield>
  <datafield tag="210" ind1="" ind2="">
   <subfield code="a">CANCER IMMUNOL IMMUN</subfield>
  </datafield>
  <datafield tag="210" ind1="" ind2="">
   <subfield code="a">CANCER IMMU</subfield>
  </datafield>
  <datafield tag="210" ind1="" ind2="">
   <subfield code="a">CANCER IMMUNOLOGY AND IMMUNOTHERAPY</subfield>
  </datafield>
  <datafield tag="210" ind1="" ind2="">
   <subfield code="a">CANCER IMMUNOLOGY, IMMUNOTHERAPY </subfield>
  </datafield>
  <datafield tag="260" ind1="" ind2="">
   <subfield code="a">Heidelberg</subfield>
   <subfield code="b">Springer Berlin Heidelberg</subfield>
  </datafield>
  <datafield tag="022" ind1="" ind2="">
   <subfield code="a">0340-7004</subfield>
  </datafield>
  <datafield tag="776" ind1="" ind2="">
   <subfield code="x">1432-0851</subfield>
  </datafield>
  <datafield tag="090" ind1="" ind2="">
   <subfield code="a">954925519625</subfield>
  </datafield>
  <datafield tag="866" ind1="" ind2="">
   <subfield code="a">Available from 1976 volume: 1 issue: 1 until 1996. </subfield>
   <subfield code="s">1000000000002986</subfield>
   <subfield code="t">1000000000002296</subfield>
   <subfield code="x">Canadian Research Knowledge Network Springer Link Archive:Full Text</subfield>
   <subfield code="z">1000000001788597</subfield>
  </datafield>
  <datafield tag="866" ind1="" ind2="">
   <subfield code="a">Available from 1997 volume: 43 issue: 2. </subfield>
   <subfield code="s">1000000000002533</subfield>
   <subfield code="t">1000000000001874</subfield>
   <subfield code="x">Canadian Research Knowledge Network Springer Link Current:Full Text</subfield>
   <subfield code="z">1000000000949003</subfield>
  </datafield>
 </record>