
 <record>
  <leader>-----nas-a2200000z--4500</leader>
  <controlfield tag="008">131125uuuuuuuuuxx-uu-|------u|----|eng-d</controlfield>
  <datafield tag="010" ind1="" ind2="">
   <subfield code="a">   82645477 </subfield>
  </datafield>
  <datafield tag="245" ind1="" ind2="4">
   <subfield code="a">The mathematical intelligencer</subfield>
  </datafield>
  <datafield tag="210" ind1="" ind2="">
   <subfield code="a">MATH INTELL</subfield>
  </datafield>
  <datafield tag="210" ind1="" ind2="">
   <subfield code="a">MATHEMATICAL INTELLIGENCER</subfield>
  </datafield>
  <datafield tag="210" ind1="" ind2="">
   <subfield code="a">MATH. INTELLIGENCER</subfield>
  </datafield>
  <datafield tag="260" ind1="" ind2="">
   <subfield code="a">Berlin</subfield>
   <subfield code="b">Springer-Verlag</subfield>
  </datafield>
  <datafield tag="022" ind1="" ind2="">
   <subfield code="a">0343-6993</subfield>
  </datafield>
  <datafield tag="776" ind1="" ind2="">
   <subfield code="x">1866-7414</subfield>
  </datafield>
  <datafield tag="090" ind1="" ind2="">
   <subfield code="a">954925520644</subfield>
  </datafield>
  <datafield tag="866" ind1="" ind2="">
   <subfield code="a">Available from 1978 volume: 1 issue: 1 until 1996 volume: 18 issue: 4. </subfield>
   <subfield code="s">1000000000002986</subfield>
   <subfield code="t">1000000000002296</subfield>
   <subfield code="x">Canadian Research Knowledge Network Springer Link Archive:Full Text</subfield>
   <subfield code="z">1000000002187809</subfield>
  </datafield>
  <datafield tag="866" ind1="" ind2="">
   <subfield code="a">Available from 1997 volume: 19 issue: 1. </subfield>
   <subfield code="s">1000000000002533</subfield>
   <subfield code="t">1000000000001874</subfield>
   <subfield code="x">Canadian Research Knowledge Network Springer Link Current:Full Text</subfield>
   <subfield code="z">1000000002187786</subfield>
  </datafield>
 </record>