
 <record>
  <leader>-----nas-a2200000z--4500</leader>
  <controlfield tag="008">131125uuuuuuuuuxx-uu-|------u|----|eng-d</controlfield>
  <datafield tag="010" ind1="" ind2="">
   <subfield code="a">   76641713 </subfield>
  </datafield>
  <datafield tag="245" ind1="" ind2="0">
   <subfield code="a">JCT, Journal of Coatings Technology</subfield>
  </datafield>
  <datafield tag="210" ind1="" ind2="">
   <subfield code="a">JOURNAL OF COATINGS TECHNOLOGY</subfield>
  </datafield>
  <datafield tag="210" ind1="" ind2="">
   <subfield code="a">J COAT TECHNOL</subfield>
  </datafield>
  <datafield tag="210" ind1="" ind2="">
   <subfield code="a">J COATING TECHNOL</subfield>
  </datafield>
  <datafield tag="210" ind1="" ind2="">
   <subfield code="a">J COAT TECH</subfield>
  </datafield>
  <datafield tag="210" ind1="" ind2="">
   <subfield code="a">J COATINGS TECHNOL</subfield>
  </datafield>
  <datafield tag="260" ind1="" ind2="">
   <subfield code="a">[Philadelphia,]</subfield>
   <subfield code="b">Federation of Societies for Coatings Technology</subfield>
  </datafield>
  <datafield tag="022" ind1="" ind2="">
   <subfield code="a">0361-8773</subfield>
  </datafield>
  <datafield tag="776" ind1="" ind2="">
   <subfield code="x">2168-815X</subfield>
  </datafield>
  <datafield tag="090" ind1="" ind2="">
   <subfield code="a">954925522698</subfield>
  </datafield>
  <datafield tag="866" ind1="" ind2="">
   <subfield code="a">Available from 1997 volume: 69 issue: 864 until 2003 volume: 75 issue: 945. </subfield>
   <subfield code="s">1000000000002533</subfield>
   <subfield code="t">1000000000001874</subfield>
   <subfield code="x">Canadian Research Knowledge Network Springer Link Current:Full Text</subfield>
   <subfield code="z">2590000000002625</subfield>
  </datafield>
 </record>