
 <record>
  <leader>-----nas-a2200000z--4500</leader>
  <controlfield tag="008">131125uuuuuuuuuxx-uu-|------u|----|cze-d</controlfield>
  <datafield tag="245" ind1="" ind2="0">
   <subfield code="a">Chemické zvesti</subfield>
  </datafield>
  <datafield tag="210" ind1="" ind2="">
   <subfield code="a">CHEMICAL PAPERS CHEMICKE ZVESTI</subfield>
  </datafield>
  <datafield tag="210" ind1="" ind2="">
   <subfield code="a">CHEM PAP CHEM ZVESTI</subfield>
  </datafield>
  <datafield tag="210" ind1="" ind2="">
   <subfield code="a">CHEM PAP CH</subfield>
  </datafield>
  <datafield tag="210" ind1="" ind2="">
   <subfield code="a">SLOVENSKA CHEMICKA SPOLOCNOST CHEMICKE ZVESTI</subfield>
  </datafield>
  <datafield tag="210" ind1="" ind2="">
   <subfield code="a">CHEMICKé ZVESTI</subfield>
  </datafield>
  <datafield tag="210" ind1="" ind2="">
   <subfield code="a">CHEM PAP</subfield>
  </datafield>
  <datafield tag="260" ind1="" ind2="">
   <subfield code="a">Bratislava</subfield>
   <subfield code="b">Versita, co-published with Springer</subfield>
  </datafield>
  <datafield tag="022" ind1="" ind2="">
   <subfield code="a">0366-6352</subfield>
  </datafield>
  <datafield tag="776" ind1="" ind2="">
   <subfield code="x">1336-9075</subfield>
  </datafield>
  <datafield tag="090" ind1="" ind2="">
   <subfield code="a">954925524758</subfield>
  </datafield>
  <datafield tag="866" ind1="" ind2="">
   <subfield code="a">Available from 2006 volume: 60 issue: 1. </subfield>
   <subfield code="s">1000000000002533</subfield>
   <subfield code="t">1000000000001874</subfield>
   <subfield code="x">Canadian Research Knowledge Network Springer Link Current:Full Text</subfield>
   <subfield code="z">1000000001825882</subfield>
  </datafield>
 </record>