
 <record>
  <leader>-----nas-a2200000z--4500</leader>
  <controlfield tag="008">131125uuuuuuuuuxx-uu-|------u|----|eng-d</controlfield>
  <datafield tag="010" ind1="" ind2="">
   <subfield code="a">  2011250949</subfield>
  </datafield>
  <datafield tag="245" ind1="" ind2="0">
   <subfield code="a">Nuovo cimento. B</subfield>
  </datafield>
  <datafield tag="210" ind1="" ind2="">
   <subfield code="a">NOUVO CIMENTO SOC ITAL FIS B GEN PHYS RELATIV ASTRON MATH PHYS MET</subfield>
  </datafield>
  <datafield tag="210" ind1="" ind2="">
   <subfield code="a">NUOVO CIMENTO B</subfield>
  </datafield>
  <datafield tag="210" ind1="" ind2="">
   <subfield code="a">NUOVO CIMENTO B GEN PHYS R</subfield>
  </datafield>
  <datafield tag="210" ind1="" ind2="">
   <subfield code="a">NUOV CIM B</subfield>
  </datafield>
  <datafield tag="210" ind1="" ind2="">
   <subfield code="a">NUOVO CIMENTO DELLA SOCIETA ITALIANA DI FISICA B GENERAL PHYSICS RELATIVITY AST</subfield>
  </datafield>
  <datafield tag="210" ind1="" ind2="">
   <subfield code="a">NUOVO CIM B</subfield>
  </datafield>
  <datafield tag="210" ind1="" ind2="">
   <subfield code="a">IL NUOVO CIMENTO B </subfield>
  </datafield>
  <datafield tag="260" ind1="" ind2="">
   <subfield code="a">Bologna</subfield>
   <subfield code="b">Società italiana di fisica</subfield>
  </datafield>
  <datafield tag="022" ind1="" ind2="">
   <subfield code="a">0369-3554</subfield>
  </datafield>
  <datafield tag="776" ind1="" ind2="">
   <subfield code="x">0369-4100</subfield>
  </datafield>
  <datafield tag="090" ind1="" ind2="">
   <subfield code="a">954925524771</subfield>
  </datafield>
  <datafield tag="866" ind1="" ind2="">
   <subfield code="a">Available from 1965 volume: 40 until 1996 volume: 111. </subfield>
   <subfield code="s">1000000000002986</subfield>
   <subfield code="t">1000000000002296</subfield>
   <subfield code="x">Canadian Research Knowledge Network Springer Link Archive:Full Text</subfield>
   <subfield code="z">1000000001826187</subfield>
  </datafield>
 </record>