
 <record>
  <leader>-----nas-a2200000z--4500</leader>
  <controlfield tag="008">131125uuuuuuuuuxx-uu-|------u|----|eng-d</controlfield>
  <datafield tag="245" ind1="" ind2="3">
   <subfield code="a">Il Nuovo cimento della Società italiana di fisica. C</subfield>
  </datafield>
  <datafield tag="210" ind1="" ind2="">
   <subfield code="a">NUOVO CIMENTO SOC ITAL FIS C GEOPHYS SPACE PHYS</subfield>
  </datafield>
  <datafield tag="210" ind1="" ind2="">
   <subfield code="a">NUOVO CIMENTO DELLA SOCIETA ITALIANA DI FISICA C GEOPHYSICS AND SPACE PHYSI</subfield>
  </datafield>
  <datafield tag="210" ind1="" ind2="">
   <subfield code="a">NUOVO CIMENTO C</subfield>
  </datafield>
  <datafield tag="210" ind1="" ind2="">
   <subfield code="a">NUOVO CIMENTO C GEOPHYS SPACE</subfield>
  </datafield>
  <datafield tag="210" ind1="" ind2="">
   <subfield code="a">NUOV CIM C</subfield>
  </datafield>
  <datafield tag="210" ind1="" ind2="">
   <subfield code="a">NUOVO CIMENTO DELLA SOCIETA ITALIANA DI FISICA C GEOPHYSICS AND SPACE PHYSICS</subfield>
  </datafield>
  <datafield tag="210" ind1="" ind2="">
   <subfield code="a">NUOVO CIM C</subfield>
  </datafield>
  <datafield tag="260" ind1="" ind2="">
   <subfield code="a">Bologna,</subfield>
   <subfield code="b">Editrice Compositori.</subfield>
  </datafield>
  <datafield tag="022" ind1="" ind2="">
   <subfield code="a">0390-5551</subfield>
  </datafield>
  <datafield tag="090" ind1="" ind2="">
   <subfield code="a">954925528884</subfield>
  </datafield>
  <datafield tag="866" ind1="" ind2="">
   <subfield code="a">Available from 1978 volume: 1 until 1996 volume: 19. </subfield>
   <subfield code="s">1000000000002986</subfield>
   <subfield code="t">1000000000002296</subfield>
   <subfield code="x">Canadian Research Knowledge Network Springer Link Archive:Full Text</subfield>
   <subfield code="z">1000000001826188</subfield>
  </datafield>
 </record>