
 <record>
  <leader>-----nas-a2200000z--4500</leader>
  <controlfield tag="008">131125uuuuuuuuuxx-uu-|------u|----|eng-d</controlfield>
  <datafield tag="245" ind1="" ind2="3">
   <subfield code="a">Il Nuovo cimento della Società italiana di fisica. D, Condensed matter, atomic, molecular and chemical physics, biophysics</subfield>
  </datafield>
  <datafield tag="210" ind1="" ind2="">
   <subfield code="a">IL NUOVO CIMENTO</subfield>
  </datafield>
  <datafield tag="210" ind1="" ind2="">
   <subfield code="a">NUOVO CIMENTO D</subfield>
  </datafield>
  <datafield tag="210" ind1="" ind2="">
   <subfield code="a">NUOVO CIMENTO D COND MATT AT</subfield>
  </datafield>
  <datafield tag="210" ind1="" ind2="">
   <subfield code="a">NUOV CIM D</subfield>
  </datafield>
  <datafield tag="210" ind1="" ind2="">
   <subfield code="a">NUOVO CIMENTO SOC ITAL FIS D CONDENS MATTER AT MOL CHEM PHYS FLUIDS</subfield>
  </datafield>
  <datafield tag="210" ind1="" ind2="">
   <subfield code="a">NUOVO CIM D</subfield>
  </datafield>
  <datafield tag="210" ind1="" ind2="">
   <subfield code="a">IL NUOVO CIMENTO DELLA SOCIETÀ ITALIANA DI FISICA. D, CONDENSED MATTER, ATOMIC, MOLECULAR &amp; CHEMICAL PHYSICS, BIOPHYSICS</subfield>
  </datafield>
  <datafield tag="210" ind1="" ind2="">
   <subfield code="a">NUOVO CIMENTO DELLA SOCIETÀ ITALIANA DI FISICA. D, CONDENSED MATTER, ATOMIC, MOLECULAR AND CHEMICAL PHYSICS, BIOPHYSICS</subfield>
  </datafield>
  <datafield tag="260" ind1="" ind2="">
   <subfield code="a">Bologna</subfield>
   <subfield code="b">Editrice Compositori</subfield>
  </datafield>
  <datafield tag="022" ind1="" ind2="">
   <subfield code="a">0392-6737</subfield>
  </datafield>
  <datafield tag="776" ind1="" ind2="">
   <subfield code="x">1826-9893</subfield>
  </datafield>
  <datafield tag="090" ind1="" ind2="">
   <subfield code="a">954925529899</subfield>
  </datafield>
  <datafield tag="866" ind1="" ind2="">
   <subfield code="a">Available from 1982 volume: 1 until 1996 volume: 18. </subfield>
   <subfield code="s">1000000000002986</subfield>
   <subfield code="t">1000000000002296</subfield>
   <subfield code="x">Canadian Research Knowledge Network Springer Link Archive:Full Text</subfield>
   <subfield code="z">1000000001826189</subfield>
  </datafield>
 </record>