
 <record>
  <leader>-----nas-a2200000z--4500</leader>
  <controlfield tag="008">131125uuuuuuuuuxx-uu-|------u|----|ita-d</controlfield>
  <datafield tag="010" ind1="" ind2="">
   <subfield code="a">   51029362 </subfield>
  </datafield>
  <datafield tag="245" ind1="" ind2="0">
   <subfield code="a">La Rivista del nuovo cimento della Società italiana di fisica</subfield>
  </datafield>
  <datafield tag="210" ind1="" ind2="">
   <subfield code="a">RIV NUOVO CIMENTO</subfield>
  </datafield>
  <datafield tag="210" ind1="" ind2="">
   <subfield code="a">RIV NUOV CI</subfield>
  </datafield>
  <datafield tag="210" ind1="" ind2="">
   <subfield code="a">RIVISTA DEL NUOVO CIMENTO DELLA SOCIET. ITALIANA DI FISICA</subfield>
  </datafield>
  <datafield tag="210" ind1="" ind2="">
   <subfield code="a">LA RIVISTA DEL NUOVO CIMENTO </subfield>
  </datafield>
  <datafield tag="260" ind1="" ind2="">
   <subfield code="a">Bologna</subfield>
   <subfield code="b">Editrice Compositori</subfield>
  </datafield>
  <datafield tag="022" ind1="" ind2="">
   <subfield code="a">0393-697X</subfield>
  </datafield>
  <datafield tag="776" ind1="" ind2="">
   <subfield code="x">1826-9850</subfield>
  </datafield>
  <datafield tag="090" ind1="" ind2="">
   <subfield code="a">954925529907</subfield>
  </datafield>
  <datafield tag="866" ind1="" ind2="">
   <subfield code="a">Available from 1949 volume: 1 until 1996 volume: 19. </subfield>
   <subfield code="s">1000000000002986</subfield>
   <subfield code="t">1000000000002296</subfield>
   <subfield code="x">Canadian Research Knowledge Network Springer Link Archive:Full Text</subfield>
   <subfield code="z">1000000001826185</subfield>
  </datafield>
 </record>