
 <record>
  <leader>-----nas-a2200000z--4500</leader>
  <controlfield tag="008">131125uuuuuuuuuxx-uu-|------u|----|eng-d</controlfield>
  <datafield tag="010" ind1="" ind2="">
   <subfield code="a">   91659236 </subfield>
  </datafield>
  <datafield tag="245" ind1="" ind2="0">
   <subfield code="a">Acta Mechanica Sinica</subfield>
  </datafield>
  <datafield tag="210" ind1="" ind2="">
   <subfield code="a">ACTA MECH SIN</subfield>
  </datafield>
  <datafield tag="210" ind1="" ind2="">
   <subfield code="a">ACTA MECH SINICA</subfield>
  </datafield>
  <datafield tag="210" ind1="" ind2="">
   <subfield code="a">ACT MEC SIN</subfield>
  </datafield>
  <datafield tag="210" ind1="" ind2="">
   <subfield code="a">ACTA MECH SINICA-PRC</subfield>
  </datafield>
  <datafield tag="210" ind1="" ind2="">
   <subfield code="a">PRC</subfield>
  </datafield>
  <datafield tag="260" ind1="" ind2="">
   <subfield code="a">Beijing, China</subfield>
   <subfield code="b">Science Press</subfield>
  </datafield>
  <datafield tag="022" ind1="" ind2="">
   <subfield code="a">0567-7718</subfield>
  </datafield>
  <datafield tag="776" ind1="" ind2="">
   <subfield code="x">1614-3116</subfield>
  </datafield>
  <datafield tag="090" ind1="" ind2="">
   <subfield code="a">954925531962</subfield>
  </datafield>
  <datafield tag="866" ind1="" ind2="">
   <subfield code="a">Available from 1985 volume: 1 issue: 1 until 1996 volume: 12 issue: 4. </subfield>
   <subfield code="s">1000000000002986</subfield>
   <subfield code="t">1000000000002296</subfield>
   <subfield code="x">Canadian Research Knowledge Network Springer Link Archive:Full Text</subfield>
   <subfield code="z">1000000001788952</subfield>
  </datafield>
  <datafield tag="866" ind1="" ind2="">
   <subfield code="a">Available from 1985 volume: 1. </subfield>
   <subfield code="b">$obj-&gt;parsedDate('&gt;=','1985','1','undef')</subfield>
   <subfield code="c">L</subfield>
   <subfield code="s">1000000000002533</subfield>
   <subfield code="t">1000000000001874</subfield>
   <subfield code="x">Canadian Research Knowledge Network Springer Link Current:Full Text</subfield>
   <subfield code="z">1000000000948841</subfield>
  </datafield>
 </record>