
 <record>
  <leader>-----nas-a2200000z--4500</leader>
  <controlfield tag="008">131125uuuuuuuuuxx-uu-|------u|----|ger-d</controlfield>
  <datafield tag="010" ind1="" ind2="">
   <subfield code="a">  2008233209</subfield>
  </datafield>
  <datafield tag="245" ind1="" ind2="0">
   <subfield code="a">Medizinische Klinik</subfield>
  </datafield>
  <datafield tag="210" ind1="" ind2="">
   <subfield code="a">MED KLIN</subfield>
  </datafield>
  <datafield tag="210" ind1="" ind2="">
   <subfield code="a">MED KLIN (MUNICH)</subfield>
  </datafield>
  <datafield tag="210" ind1="" ind2="">
   <subfield code="a">MED. KLIN. (MUNICH)</subfield>
  </datafield>
  <datafield tag="260" ind1="" ind2="">
   <subfield code="a">München [Germany]</subfield>
   <subfield code="b">Urban &amp; Vogel</subfield>
  </datafield>
  <datafield tag="022" ind1="" ind2="">
   <subfield code="a">0723-5003</subfield>
  </datafield>
  <datafield tag="776" ind1="" ind2="">
   <subfield code="x">1615-6722</subfield>
  </datafield>
  <datafield tag="090" ind1="" ind2="">
   <subfield code="a">954925533016</subfield>
  </datafield>
  <datafield tag="866" ind1="" ind2="">
   <subfield code="a">Available from 1997 volume: 92 issue: 1 until 2010 volume: 105 issue: 12. </subfield>
   <subfield code="s">1000000000002533</subfield>
   <subfield code="t">1000000000001874</subfield>
   <subfield code="x">Canadian Research Knowledge Network Springer Link Current:Full Text</subfield>
   <subfield code="z">1000000000949702</subfield>
  </datafield>
 </record>