
 <record>
  <leader>-----nas-a2200000z--4500</leader>
  <controlfield tag="008">131125uuuuuuuuuxx-uu-|------u|----|eng-d</controlfield>
  <datafield tag="010" ind1="" ind2="">
   <subfield code="a">   84644449 </subfield>
  </datafield>
  <datafield tag="245" ind1="" ind2="0">
   <subfield code="a">Somatic cell and molecular genetics</subfield>
  </datafield>
  <datafield tag="210" ind1="" ind2="">
   <subfield code="a">SOMATCELL MOLGENET</subfield>
  </datafield>
  <datafield tag="210" ind1="" ind2="">
   <subfield code="a">SOMAT CELL MOLEC GENET</subfield>
  </datafield>
  <datafield tag="210" ind1="" ind2="">
   <subfield code="a">SOMAT CELL MOLEC GEN</subfield>
  </datafield>
  <datafield tag="210" ind1="" ind2="">
   <subfield code="a">SOM CELL M</subfield>
  </datafield>
  <datafield tag="210" ind1="" ind2="">
   <subfield code="a">SOMAT CELL MOL GENET</subfield>
  </datafield>
  <datafield tag="210" ind1="" ind2="">
   <subfield code="a">SOMATIC CELL &amp; MOLECULAR GENETICS</subfield>
  </datafield>
  <datafield tag="260" ind1="" ind2="">
   <subfield code="a">New York, NY</subfield>
   <subfield code="b">Kluwer Academic Publishers</subfield>
  </datafield>
  <datafield tag="022" ind1="" ind2="">
   <subfield code="a">0740-7750</subfield>
  </datafield>
  <datafield tag="776" ind1="" ind2="">
   <subfield code="x">1572-9931</subfield>
  </datafield>
  <datafield tag="090" ind1="" ind2="">
   <subfield code="a">954925539158</subfield>
  </datafield>
  <datafield tag="866" ind1="" ind2="">
   <subfield code="a">Available from 1975 volume: 1 issue: 1 until 1996. </subfield>
   <subfield code="s">1000000000002986</subfield>
   <subfield code="t">1000000000002296</subfield>
   <subfield code="x">Canadian Research Knowledge Network Springer Link Archive:Full Text</subfield>
   <subfield code="z">1000000001789377</subfield>
  </datafield>
 </record>