
 <record>
  <leader>-----nas-a2200000z--4500</leader>
  <controlfield tag="008">131125uuuuuuuuuxx-uu-|------u|----|eng-d</controlfield>
  <datafield tag="010" ind1="" ind2="">
   <subfield code="a">sn 83003198 </subfield>
  </datafield>
  <datafield tag="245" ind1="" ind2="0">
   <subfield code="a">Advances in therapy</subfield>
  </datafield>
  <datafield tag="210" ind1="" ind2="">
   <subfield code="a">ADVAN THER</subfield>
  </datafield>
  <datafield tag="210" ind1="" ind2="">
   <subfield code="a">ADV THER</subfield>
  </datafield>
  <datafield tag="260" ind1="" ind2="">
   <subfield code="a">Metuchen, N.J.</subfield>
   <subfield code="b">Springer Healthcare</subfield>
  </datafield>
  <datafield tag="022" ind1="" ind2="">
   <subfield code="a">0741-238X</subfield>
  </datafield>
  <datafield tag="776" ind1="" ind2="">
   <subfield code="x">1865-8652</subfield>
  </datafield>
  <datafield tag="090" ind1="" ind2="">
   <subfield code="a">954925539165</subfield>
  </datafield>
  <datafield tag="866" ind1="" ind2="">
   <subfield code="a">Available from 2000 volume: 17. </subfield>
   <subfield code="b">$obj-&gt;parsedDate('&gt;=','2000','17','undef')</subfield>
   <subfield code="c">L</subfield>
   <subfield code="s">1000000000002533</subfield>
   <subfield code="t">1000000000001874</subfield>
   <subfield code="x">Canadian Research Knowledge Network Springer Link Current:Full Text</subfield>
   <subfield code="z">1000000000950219</subfield>
  </datafield>
 </record>