
 <record>
  <leader>-----nas-a2200000z--4500</leader>
  <controlfield tag="008">131125uuuuuuuuuxx-uu-|------u|----|eng-d</controlfield>
  <datafield tag="010" ind1="" ind2="">
   <subfield code="a">sn 86011564 </subfield>
  </datafield>
  <datafield tag="245" ind1="" ind2="0">
   <subfield code="a">Annals of vascular surgery</subfield>
  </datafield>
  <datafield tag="210" ind1="" ind2="">
   <subfield code="a">ANN VASCULAR SURG</subfield>
  </datafield>
  <datafield tag="210" ind1="" ind2="">
   <subfield code="a">ANN VASC SURG</subfield>
  </datafield>
  <datafield tag="210" ind1="" ind2="">
   <subfield code="a">ANN VASC S</subfield>
  </datafield>
  <datafield tag="260" ind1="" ind2="">
   <subfield code="a">New York</subfield>
   <subfield code="b">Springer-Verlag New York Inc</subfield>
  </datafield>
  <datafield tag="022" ind1="" ind2="">
   <subfield code="a">0890-5096</subfield>
  </datafield>
  <datafield tag="776" ind1="" ind2="">
   <subfield code="x">1615-5947</subfield>
  </datafield>
  <datafield tag="090" ind1="" ind2="">
   <subfield code="a">954925556440</subfield>
  </datafield>
  <datafield tag="866" ind1="" ind2="">
   <subfield code="a">Available from 1986 volume: 1 issue: 1 until 1996. </subfield>
   <subfield code="s">1000000000002986</subfield>
   <subfield code="t">1000000000002296</subfield>
   <subfield code="x">Canadian Research Knowledge Network Springer Link Archive:Full Text</subfield>
   <subfield code="z">1000000001789339</subfield>
  </datafield>
 </record>