
 <record>
  <leader>-----nas-a2200000z--4500</leader>
  <controlfield tag="008">131125uuuuuuuuuxx-uu-|------u|----|eng-d</controlfield>
  <datafield tag="010" ind1="" ind2="">
   <subfield code="a">   98646742 </subfield>
  </datafield>
  <datafield tag="245" ind1="" ind2="0">
   <subfield code="a">Carbonates and evaporites</subfield>
  </datafield>
  <datafield tag="210" ind1="" ind2="">
   <subfield code="a">CARBONATES EVAPORITES</subfield>
  </datafield>
  <datafield tag="210" ind1="" ind2="">
   <subfield code="a">CARBONATE EVAPORITE</subfield>
  </datafield>
  <datafield tag="210" ind1="" ind2="">
   <subfield code="a">CARBONAT EV</subfield>
  </datafield>
  <datafield tag="260" ind1="" ind2="">
   <subfield code="a">Troy, NY</subfield>
   <subfield code="b">Northeastern Science Foundation</subfield>
  </datafield>
  <datafield tag="022" ind1="" ind2="">
   <subfield code="a">0891-2556</subfield>
  </datafield>
  <datafield tag="776" ind1="" ind2="">
   <subfield code="x">1878-5212</subfield>
  </datafield>
  <datafield tag="090" ind1="" ind2="">
   <subfield code="a">954925557460</subfield>
  </datafield>
  <datafield tag="866" ind1="" ind2="">
   <subfield code="a">Available from 1997 volume: 12 issue: 1. </subfield>
   <subfield code="s">1000000000002533</subfield>
   <subfield code="t">1000000000001874</subfield>
   <subfield code="x">Canadian Research Knowledge Network Springer Link Current:Full Text</subfield>
   <subfield code="z">1000000002187783</subfield>
  </datafield>
 </record>