
 <record>
  <leader>-----nas-a2200000z--4500</leader>
  <controlfield tag="008">131125uuuuuuuuuxx-uu-|------u|----|eng-d</controlfield>
  <datafield tag="010" ind1="" ind2="">
   <subfield code="a">  2004233743</subfield>
  </datafield>
  <datafield tag="245" ind1="" ind2="0">
   <subfield code="a">Administration and policy in mental health</subfield>
  </datafield>
  <datafield tag="210" ind1="" ind2="">
   <subfield code="a">ADM POLICY MENT HLTH</subfield>
  </datafield>
  <datafield tag="210" ind1="" ind2="">
   <subfield code="a">ADM POLICY MENT HEALTH</subfield>
  </datafield>
  <datafield tag="210" ind1="" ind2="">
   <subfield code="a">ADMINISTRATION &amp; POLICY IN MENTAL HEALTH AND MENTAL HEALTH SERVICES RESEARCH</subfield>
  </datafield>
  <datafield tag="210" ind1="" ind2="">
   <subfield code="a">ADMINISTRATION &amp; POLICY IN MENTAL HEALTH &amp; MENTAL HEALTH SERVICES RESEARCH</subfield>
  </datafield>
  <datafield tag="210" ind1="" ind2="">
   <subfield code="a">ADMINISTRATION AND POLICY IN MENTAL HEALTH &amp; MENTAL HEALTH SERVICES RESEARCH</subfield>
  </datafield>
  <datafield tag="260" ind1="" ind2="">
   <subfield code="a">New York</subfield>
   <subfield code="b">Kluwer Academic/Plenum Publishers</subfield>
  </datafield>
  <datafield tag="022" ind1="" ind2="">
   <subfield code="a">0894-587X</subfield>
  </datafield>
  <datafield tag="776" ind1="" ind2="">
   <subfield code="x">1573-3289</subfield>
  </datafield>
  <datafield tag="090" ind1="" ind2="">
   <subfield code="a">954925559519</subfield>
  </datafield>
  <datafield tag="866" ind1="" ind2="">
   <subfield code="a">Available from 1973 volume: 1 issue: 1 until 1996. </subfield>
   <subfield code="s">1000000000002986</subfield>
   <subfield code="t">1000000000002296</subfield>
   <subfield code="x">Canadian Research Knowledge Network Springer Link Archive:Full Text</subfield>
   <subfield code="z">1000000001788594</subfield>
  </datafield>
  <datafield tag="866" ind1="" ind2="">
   <subfield code="a">Available from 1997 volume: 24 issue: 3. </subfield>
   <subfield code="s">1000000000002533</subfield>
   <subfield code="t">1000000000001874</subfield>
   <subfield code="x">Canadian Research Knowledge Network Springer Link Current:Full Text</subfield>
   <subfield code="z">1000000000948847</subfield>
  </datafield>
 </record>