
 <record>
  <leader>-----nas-a2200000z--4500</leader>
  <controlfield tag="008">131125uuuuuuuuuxx-uu-|------u|----|eng-d</controlfield>
  <datafield tag="010" ind1="" ind2="">
   <subfield code="a">   89646567 </subfield>
  </datafield>
  <datafield tag="245" ind1="" ind2="0">
   <subfield code="a">Cardiovascular drugs and therapy</subfield>
  </datafield>
  <datafield tag="210" ind1="" ind2="">
   <subfield code="a">CARDIOVASC DRUGS THER</subfield>
  </datafield>
  <datafield tag="210" ind1="" ind2="">
   <subfield code="a">CARDIOVASC DRUG THERAPY</subfield>
  </datafield>
  <datafield tag="210" ind1="" ind2="">
   <subfield code="a">CARDIOVASC DRUG THER</subfield>
  </datafield>
  <datafield tag="210" ind1="" ind2="">
   <subfield code="a">CARDIO DRUG</subfield>
  </datafield>
  <datafield tag="210" ind1="" ind2="">
   <subfield code="a">CARDIOVASCULAR DRUGS &amp; THERAPY</subfield>
  </datafield>
  <datafield tag="260" ind1="" ind2="">
   <subfield code="a">[Norwell, MA]</subfield>
   <subfield code="b">Springer US</subfield>
  </datafield>
  <datafield tag="022" ind1="" ind2="">
   <subfield code="a">0920-3206</subfield>
  </datafield>
  <datafield tag="776" ind1="" ind2="">
   <subfield code="x">1573-7241</subfield>
  </datafield>
  <datafield tag="090" ind1="" ind2="">
   <subfield code="a">954925564660</subfield>
  </datafield>
  <datafield tag="866" ind1="" ind2="">
   <subfield code="a">Available from 1987 volume: 1 issue: 1 until 1996. </subfield>
   <subfield code="s">1000000000002986</subfield>
   <subfield code="t">1000000000002296</subfield>
   <subfield code="x">Canadian Research Knowledge Network Springer Link Archive:Full Text</subfield>
   <subfield code="z">1000000001789077</subfield>
  </datafield>
  <datafield tag="866" ind1="" ind2="">
   <subfield code="a">Available from 1997 volume: 11 issue: 1. </subfield>
   <subfield code="s">1000000000002533</subfield>
   <subfield code="t">1000000000001874</subfield>
   <subfield code="x">Canadian Research Knowledge Network Springer Link Current:Full Text</subfield>
   <subfield code="z">1000000000949005</subfield>
  </datafield>
 </record>