
 <record>
  <leader>-----nas-a2200000z--4500</leader>
  <controlfield tag="008">131125uuuuuuuuuxx-uu-|------u|----|eng-d</controlfield>
  <datafield tag="010" ind1="" ind2="">
   <subfield code="a">sn 87040138 </subfield>
  </datafield>
  <datafield tag="245" ind1="" ind2="0">
   <subfield code="a">Journal of computer-aided molecular design</subfield>
  </datafield>
  <datafield tag="210" ind1="" ind2="">
   <subfield code="a">J COMPUT AIDED MOL DES</subfield>
  </datafield>
  <datafield tag="210" ind1="" ind2="">
   <subfield code="a">J COMPUT AID MOLEC DESIGN</subfield>
  </datafield>
  <datafield tag="210" ind1="" ind2="">
   <subfield code="a">J COMPUT AID MOL DES</subfield>
  </datafield>
  <datafield tag="210" ind1="" ind2="">
   <subfield code="a">J COMPUT A</subfield>
  </datafield>
  <datafield tag="260" ind1="" ind2="">
   <subfield code="a">Leiden, The Netherlands</subfield>
   <subfield code="b">Springer Netherlands</subfield>
  </datafield>
  <datafield tag="022" ind1="" ind2="">
   <subfield code="a">0920-654X</subfield>
  </datafield>
  <datafield tag="776" ind1="" ind2="">
   <subfield code="x">1573-4951</subfield>
  </datafield>
  <datafield tag="090" ind1="" ind2="">
   <subfield code="a">954925564670</subfield>
  </datafield>
  <datafield tag="866" ind1="" ind2="">
   <subfield code="a">Available from 1987 volume: 1 issue: 1 until 1996. </subfield>
   <subfield code="s">1000000000002986</subfield>
   <subfield code="t">1000000000002296</subfield>
   <subfield code="x">Canadian Research Knowledge Network Springer Link Archive:Full Text</subfield>
   <subfield code="z">1000000001788951</subfield>
  </datafield>
  <datafield tag="866" ind1="" ind2="">
   <subfield code="a">Available from 1997 volume: 11 issue: 1. </subfield>
   <subfield code="s">1000000000002533</subfield>
   <subfield code="t">1000000000001874</subfield>
   <subfield code="x">Canadian Research Knowledge Network Springer Link Current:Full Text</subfield>
   <subfield code="z">1000000000949469</subfield>
  </datafield>
 </record>