
 <record>
  <leader>-----nas-a2200000z--4500</leader>
  <controlfield tag="008">131125uuuuuuuuuxx-uu-|------u|----|eng-d</controlfield>
  <datafield tag="010" ind1="" ind2="">
   <subfield code="a">   94641302 </subfield>
  </datafield>
  <datafield tag="245" ind1="" ind2="0">
   <subfield code="a">Research on chemical intermediates</subfield>
  </datafield>
  <datafield tag="210" ind1="" ind2="">
   <subfield code="a">RES CHEM INTERMED</subfield>
  </datafield>
  <datafield tag="210" ind1="" ind2="">
   <subfield code="a">RES CHEM INTERMEDIATES</subfield>
  </datafield>
  <datafield tag="210" ind1="" ind2="">
   <subfield code="a">RES CHEM INTERMEDIAT</subfield>
  </datafield>
  <datafield tag="210" ind1="" ind2="">
   <subfield code="a">RES CHEM IN</subfield>
  </datafield>
  <datafield tag="260" ind1="" ind2="">
   <subfield code="a">Amsterdam</subfield>
   <subfield code="b">Elsevier</subfield>
  </datafield>
  <datafield tag="022" ind1="" ind2="">
   <subfield code="a">0922-6168</subfield>
  </datafield>
  <datafield tag="776" ind1="" ind2="">
   <subfield code="x">1568-5675</subfield>
  </datafield>
  <datafield tag="090" ind1="" ind2="">
   <subfield code="a">954925565699</subfield>
  </datafield>
  <datafield tag="866" ind1="" ind2="">
   <subfield code="a">Available from 1997 volume: 23 issue: 1. </subfield>
   <subfield code="s">1000000000002533</subfield>
   <subfield code="t">1000000000001874</subfield>
   <subfield code="x">Canadian Research Knowledge Network Springer Link Current:Full Text</subfield>
   <subfield code="z">2480000000001980</subfield>
  </datafield>
 </record>