
 <record>
  <leader>-----nas-a2200000z--4500</leader>
  <controlfield tag="008">131125uuuuuuuuuxx-uu-|------u|----|eng-d</controlfield>
  <datafield tag="010" ind1="" ind2="">
   <subfield code="a">   90646612 </subfield>
  </datafield>
  <datafield tag="245" ind1="" ind2="0">
   <subfield code="a">Real-time systems</subfield>
  </datafield>
  <datafield tag="210" ind1="" ind2="">
   <subfield code="a">REAL TIME SYST</subfield>
  </datafield>
  <datafield tag="210" ind1="" ind2="">
   <subfield code="a">REAL TIME S</subfield>
  </datafield>
  <datafield tag="210" ind1="" ind2="">
   <subfield code="a">REAL TIME SYSTEMS THE INTERNATIONAL JOURNAL OF TIME CRITICAL COMPUTING SYSTEMS</subfield>
  </datafield>
  <datafield tag="210" ind1="" ind2="">
   <subfield code="a">REAL-TIME SYST</subfield>
  </datafield>
  <datafield tag="210" ind1="" ind2="">
   <subfield code="a">TIME SYST</subfield>
  </datafield>
  <datafield tag="260" ind1="" ind2="">
   <subfield code="a">Netherlands</subfield>
   <subfield code="b">Kluwer Academic Publishers</subfield>
  </datafield>
  <datafield tag="022" ind1="" ind2="">
   <subfield code="a">0922-6443</subfield>
  </datafield>
  <datafield tag="776" ind1="" ind2="">
   <subfield code="x">1573-1383</subfield>
  </datafield>
  <datafield tag="090" ind1="" ind2="">
   <subfield code="a">954925565701</subfield>
  </datafield>
  <datafield tag="866" ind1="" ind2="">
   <subfield code="a">Available from 1989 volume: 1 issue: 1 until 1996. </subfield>
   <subfield code="s">1000000000002986</subfield>
   <subfield code="t">1000000000002296</subfield>
   <subfield code="x">Canadian Research Knowledge Network Springer Link Archive:Full Text</subfield>
   <subfield code="z">1000000001788742</subfield>
  </datafield>
  <datafield tag="866" ind1="" ind2="">
   <subfield code="a">Available from 1997 volume: 12 issue: 1. </subfield>
   <subfield code="s">1000000000002533</subfield>
   <subfield code="t">1000000000001874</subfield>
   <subfield code="x">Canadian Research Knowledge Network Springer Link Current:Full Text</subfield>
   <subfield code="z">1000000000949898</subfield>
  </datafield>
 </record>