
 <record>
  <leader>-----nas-a2200000z--4500</leader>
  <controlfield tag="008">131125uuuuuuuuuxx-uu-|------u|----|eng-d</controlfield>
  <datafield tag="010" ind1="" ind2="">
   <subfield code="a">  2004229348</subfield>
  </datafield>
  <datafield tag="245" ind1="" ind2="0">
   <subfield code="a">User modeling and user-adapted interaction</subfield>
  </datafield>
  <datafield tag="210" ind1="" ind2="">
   <subfield code="a">USER MODEL USER ADAPT INTERACT</subfield>
  </datafield>
  <datafield tag="210" ind1="" ind2="">
   <subfield code="a">USER MODEL USER ADAPT INTERA</subfield>
  </datafield>
  <datafield tag="210" ind1="" ind2="">
   <subfield code="a">USER MODEL USER ADAP</subfield>
  </datafield>
  <datafield tag="210" ind1="" ind2="">
   <subfield code="a">USER MOD US</subfield>
  </datafield>
  <datafield tag="210" ind1="" ind2="">
   <subfield code="a">USER MODELING AND USER ADAPTED INTERACTION AN INTERNATIONAL JOURNAL</subfield>
  </datafield>
  <datafield tag="210" ind1="" ind2="">
   <subfield code="a">USER MODELING &amp; USER - ADAPTED INTERACTION</subfield>
  </datafield>
  <datafield tag="210" ind1="" ind2="">
   <subfield code="a">USER MODEL USER-ADAPT INTERACT</subfield>
  </datafield>
  <datafield tag="210" ind1="" ind2="">
   <subfield code="a">USER MODEL USER-ADAP</subfield>
  </datafield>
  <datafield tag="210" ind1="" ind2="">
   <subfield code="a">ADAP</subfield>
  </datafield>
  <datafield tag="260" ind1="" ind2="">
   <subfield code="a">Dordrecht</subfield>
   <subfield code="b">Kluwer Academic Publishers</subfield>
  </datafield>
  <datafield tag="022" ind1="" ind2="">
   <subfield code="a">0924-1868</subfield>
  </datafield>
  <datafield tag="776" ind1="" ind2="">
   <subfield code="x">1573-1391</subfield>
  </datafield>
  <datafield tag="090" ind1="" ind2="">
   <subfield code="a">954925565714</subfield>
  </datafield>
  <datafield tag="866" ind1="" ind2="">
   <subfield code="a">Available from 1991 volume: 1 issue: 1 until 1996. </subfield>
   <subfield code="s">1000000000002986</subfield>
   <subfield code="t">1000000000002296</subfield>
   <subfield code="x">Canadian Research Knowledge Network Springer Link Archive:Full Text</subfield>
   <subfield code="z">1000000001788936</subfield>
  </datafield>
  <datafield tag="866" ind1="" ind2="">
   <subfield code="a">Available from 1997 volume: 7 issue: 1. </subfield>
   <subfield code="s">1000000000002533</subfield>
   <subfield code="t">1000000000001874</subfield>
   <subfield code="x">Canadian Research Knowledge Network Springer Link Current:Full Text</subfield>
   <subfield code="z">1000000000950077</subfield>
  </datafield>
 </record>