
 <record>
  <leader>-----nas-a2200000z--4500</leader>
  <controlfield tag="008">131125uuuuuuuuuxx-uu-|------u|----|eng-d</controlfield>
  <datafield tag="010" ind1="" ind2="">
   <subfield code="a">  2004229312</subfield>
  </datafield>
  <datafield tag="245" ind1="" ind2="0">
   <subfield code="a">Journal of sol-gel science and technology</subfield>
  </datafield>
  <datafield tag="210" ind1="" ind2="">
   <subfield code="a">J SOL GEL SCI TECHNOL</subfield>
  </datafield>
  <datafield tag="210" ind1="" ind2="">
   <subfield code="a">J SOL GEL SCI TECHN</subfield>
  </datafield>
  <datafield tag="210" ind1="" ind2="">
   <subfield code="a">J SOL GEL S</subfield>
  </datafield>
  <datafield tag="210" ind1="" ind2="">
   <subfield code="a">JOURNAL OF SOL-GEL SCIENCE &amp; TECHNOLOGY</subfield>
  </datafield>
  <datafield tag="210" ind1="" ind2="">
   <subfield code="a">J SOL-GEL SCI TECHN</subfield>
  </datafield>
  <datafield tag="210" ind1="" ind2="">
   <subfield code="a">GEL SCI TECHN</subfield>
  </datafield>
  <datafield tag="260" ind1="" ind2="">
   <subfield code="a">[Dordrecht]</subfield>
   <subfield code="b">Springer US</subfield>
  </datafield>
  <datafield tag="022" ind1="" ind2="">
   <subfield code="a">0928-0707</subfield>
  </datafield>
  <datafield tag="776" ind1="" ind2="">
   <subfield code="x">1573-4846</subfield>
  </datafield>
  <datafield tag="090" ind1="" ind2="">
   <subfield code="a">954925568773</subfield>
  </datafield>
  <datafield tag="866" ind1="" ind2="">
   <subfield code="a">Available from 1993 volume: 1 issue: 1 until 1996. </subfield>
   <subfield code="s">1000000000002986</subfield>
   <subfield code="t">1000000000002296</subfield>
   <subfield code="x">Canadian Research Knowledge Network Springer Link Archive:Full Text</subfield>
   <subfield code="z">1000000001788869</subfield>
  </datafield>
  <datafield tag="866" ind1="" ind2="">
   <subfield code="a">Available from 1997 volume: 8 issue: 1. </subfield>
   <subfield code="s">1000000000002533</subfield>
   <subfield code="t">1000000000001874</subfield>
   <subfield code="x">Canadian Research Knowledge Network Springer Link Current:Full Text</subfield>
   <subfield code="z">1000000000949613</subfield>
  </datafield>
 </record>