
 <record>
  <leader>-----nas-a2200000z--4500</leader>
  <controlfield tag="008">131125uuuuuuuuuxx-uu-|------u|----|eng-d</controlfield>
  <datafield tag="010" ind1="" ind2="">
   <subfield code="a">sn 93038214 </subfield>
  </datafield>
  <datafield tag="245" ind1="" ind2="0">
   <subfield code="a">Pharmacy world &amp; science</subfield>
  </datafield>
  <datafield tag="210" ind1="" ind2="">
   <subfield code="a">PHARM WORLD</subfield>
  </datafield>
  <datafield tag="210" ind1="" ind2="">
   <subfield code="a">PHARM WORLD SCI</subfield>
  </datafield>
  <datafield tag="210" ind1="" ind2="">
   <subfield code="a">PHARMACY WORLD AND SCIENCE</subfield>
  </datafield>
  <datafield tag="260" ind1="" ind2="">
   <subfield code="a">[The Hague, Netherlands]</subfield>
   <subfield code="b">Koninklijke Nederlandse Maatschappij ter Bevordering der Pharmacie</subfield>
  </datafield>
  <datafield tag="022" ind1="" ind2="">
   <subfield code="a">0928-1231</subfield>
  </datafield>
  <datafield tag="776" ind1="" ind2="">
   <subfield code="x">1573-739X</subfield>
  </datafield>
  <datafield tag="090" ind1="" ind2="">
   <subfield code="a">954925568775</subfield>
  </datafield>
  <datafield tag="866" ind1="" ind2="">
   <subfield code="a">Available from 1979 volume: 1 issue: 1 until 1996. </subfield>
   <subfield code="s">1000000000002986</subfield>
   <subfield code="t">1000000000002296</subfield>
   <subfield code="x">Canadian Research Knowledge Network Springer Link Archive:Full Text</subfield>
   <subfield code="z">1000000001788756</subfield>
  </datafield>
  <datafield tag="866" ind1="" ind2="">
   <subfield code="a">Available from 1997 volume: 19 issue: 1 until 2010 volume: 32 issue: 6. </subfield>
   <subfield code="s">1000000000002533</subfield>
   <subfield code="t">1000000000001874</subfield>
   <subfield code="x">Canadian Research Knowledge Network Springer Link Current:Full Text</subfield>
   <subfield code="z">1000000000949818</subfield>
  </datafield>
 </record>