
 <record>
  <leader>-----nas-a2200000z--4500</leader>
  <controlfield tag="008">131125uuuuuuuuuxx-uu-|------u|----|eng-d</controlfield>
  <datafield tag="010" ind1="" ind2="">
   <subfield code="a">sn 94038359 </subfield>
  </datafield>
  <datafield tag="245" ind1="" ind2="0">
   <subfield code="a">Perspectives in drug discovery and design</subfield>
  </datafield>
  <datafield tag="210" ind1="" ind2="">
   <subfield code="a">PERSPECT DRUG DISCOV</subfield>
  </datafield>
  <datafield tag="210" ind1="" ind2="">
   <subfield code="a">PERSPECT DRUG DISCOV DESIGN</subfield>
  </datafield>
  <datafield tag="210" ind1="" ind2="">
   <subfield code="a">PERSP DR D</subfield>
  </datafield>
  <datafield tag="210" ind1="" ind2="">
   <subfield code="a">PERSPECTIVES IN DRUG DISCOVERY &amp; DESIGN</subfield>
  </datafield>
  <datafield tag="210" ind1="" ind2="">
   <subfield code="a">PERSPECT. DRUG DISCOVERY DES</subfield>
  </datafield>
  <datafield tag="260" ind1="" ind2="">
   <subfield code="a">Leiden, The Netherlands</subfield>
   <subfield code="b">ESCOM Science Publishers</subfield>
  </datafield>
  <datafield tag="022" ind1="" ind2="">
   <subfield code="a">0928-2866</subfield>
  </datafield>
  <datafield tag="776" ind1="" ind2="">
   <subfield code="x">1573-9023</subfield>
  </datafield>
  <datafield tag="090" ind1="" ind2="">
   <subfield code="a">954925568777</subfield>
  </datafield>
  <datafield tag="866" ind1="" ind2="">
   <subfield code="a">Available from 1993 volume: 1 issue: 1 until 1996. </subfield>
   <subfield code="s">1000000000002986</subfield>
   <subfield code="t">1000000000002296</subfield>
   <subfield code="x">Canadian Research Knowledge Network Springer Link Archive:Full Text</subfield>
   <subfield code="z">1000000001789390</subfield>
  </datafield>
  <datafield tag="866" ind1="" ind2="">
   <subfield code="a">Available from 1998 volume: 9 until 2000 volume: 20 issue: 1. </subfield>
   <subfield code="s">1000000000002533</subfield>
   <subfield code="t">1000000000001874</subfield>
   <subfield code="x">Canadian Research Knowledge Network Springer Link Current:Full Text</subfield>
   <subfield code="z">2590000000002472</subfield>
  </datafield>
 </record>