
 <record>
  <leader>-----nas-a2200000z--4500</leader>
  <controlfield tag="008">131125uuuuuuuuuxx-uu-|------u|----|eng-d</controlfield>
  <datafield tag="010" ind1="" ind2="">
   <subfield code="a">sn 95038450 </subfield>
  </datafield>
  <datafield tag="245" ind1="" ind2="0">
   <subfield code="a">Journal of thrombosis and thrombolysis</subfield>
  </datafield>
  <datafield tag="210" ind1="" ind2="">
   <subfield code="a">J THROMB THROMBOLYSIS</subfield>
  </datafield>
  <datafield tag="210" ind1="" ind2="">
   <subfield code="a">J THROMB THROMBOLYS</subfield>
  </datafield>
  <datafield tag="210" ind1="" ind2="">
   <subfield code="a">J THROMB TH</subfield>
  </datafield>
  <datafield tag="210" ind1="" ind2="">
   <subfield code="a">JOURNAL OF THROMBOSIS AND THROMBOLYSIS AN INTERNATIONAL JOURNAL FOR CLINICIANS</subfield>
  </datafield>
  <datafield tag="210" ind1="" ind2="">
   <subfield code="a">JOURNAL OF THROMBOSIS &amp; THROMBOLYSIS</subfield>
  </datafield>
  <datafield tag="210" ind1="" ind2="">
   <subfield code="a">J. THROMB. THROMBOLYSIS</subfield>
  </datafield>
  <datafield tag="260" ind1="" ind2="">
   <subfield code="a">[Dordrecht]</subfield>
   <subfield code="b">Springer US</subfield>
  </datafield>
  <datafield tag="022" ind1="" ind2="">
   <subfield code="a">0929-5305</subfield>
  </datafield>
  <datafield tag="776" ind1="" ind2="">
   <subfield code="x">1573-742X</subfield>
  </datafield>
  <datafield tag="090" ind1="" ind2="">
   <subfield code="a">954925568786</subfield>
  </datafield>
  <datafield tag="866" ind1="" ind2="">
   <subfield code="a">Available from 1994 volume: 1 issue: 1 until 1996. </subfield>
   <subfield code="s">1000000000002986</subfield>
   <subfield code="t">1000000000002296</subfield>
   <subfield code="x">Canadian Research Knowledge Network Springer Link Archive:Full Text</subfield>
   <subfield code="z">1000000001788664</subfield>
  </datafield>
  <datafield tag="866" ind1="" ind2="">
   <subfield code="a">Available from 1997 volume: 4 issue: 1. </subfield>
   <subfield code="s">1000000000002533</subfield>
   <subfield code="t">1000000000001874</subfield>
   <subfield code="x">Canadian Research Knowledge Network Springer Link Current:Full Text</subfield>
   <subfield code="z">1000000000949627</subfield>
  </datafield>
 </record>