
 <record>
  <leader>-----nas-a2200000z--4500</leader>
  <controlfield tag="008">131125uuuuuuuuuxx-uu-|------u|----|eng-d</controlfield>
  <datafield tag="010" ind1="" ind2="">
   <subfield code="a">   91643660 </subfield>
  </datafield>
  <datafield tag="245" ind1="" ind2="0">
   <subfield code="a">Transplant international</subfield>
  </datafield>
  <datafield tag="210" ind1="" ind2="">
   <subfield code="a">TRANSPL INT</subfield>
  </datafield>
  <datafield tag="210" ind1="" ind2="">
   <subfield code="a">TRANSPLANT INT</subfield>
  </datafield>
  <datafield tag="210" ind1="" ind2="">
   <subfield code="a">TRANSPLAN I</subfield>
  </datafield>
  <datafield tag="260" ind1="" ind2="">
   <subfield code="a">[Heidelberg, FRG]</subfield>
   <subfield code="b">Springer International</subfield>
  </datafield>
  <datafield tag="022" ind1="" ind2="">
   <subfield code="a">0934-0874</subfield>
  </datafield>
  <datafield tag="776" ind1="" ind2="">
   <subfield code="x">1432-2277</subfield>
  </datafield>
  <datafield tag="090" ind1="" ind2="">
   <subfield code="a">954925570839</subfield>
  </datafield>
  <datafield tag="866" ind1="" ind2="">
   <subfield code="a">Available from 1988 volume: 1 issue: 1 until 1996. </subfield>
   <subfield code="s">1000000000002986</subfield>
   <subfield code="t">1000000000002296</subfield>
   <subfield code="x">Canadian Research Knowledge Network Springer Link Archive:Full Text</subfield>
   <subfield code="z">1000000001789352</subfield>
  </datafield>
 </record>