
 <record>
  <leader>-----nas-a2200000z--4500</leader>
  <controlfield tag="008">131125uuuuuuuuuxx-uu-|------u|----|ger-d</controlfield>
  <datafield tag="245" ind1="" ind2="0">
   <subfield code="a">Wirtschaftsinformatik</subfield>
  </datafield>
  <datafield tag="210" ind1="" ind2="">
   <subfield code="a">WIRTSCHAFTSINF</subfield>
  </datafield>
  <datafield tag="210" ind1="" ind2="">
   <subfield code="a">WIRTSCHAFTS</subfield>
  </datafield>
  <datafield tag="260" ind1="" ind2="">
   <subfield code="a">Wiesbaden</subfield>
   <subfield code="b">F. Vieweg &amp; Sohn</subfield>
  </datafield>
  <datafield tag="022" ind1="" ind2="">
   <subfield code="a">0937-6429</subfield>
  </datafield>
  <datafield tag="776" ind1="" ind2="">
   <subfield code="x">1861-8936</subfield>
  </datafield>
  <datafield tag="090" ind1="" ind2="">
   <subfield code="a">954925571868</subfield>
  </datafield>
  <datafield tag="866" ind1="" ind2="">
   <subfield code="a">Available from 2006 volume: 48 issue: 1. </subfield>
   <subfield code="s">1000000000002533</subfield>
   <subfield code="t">1000000000001874</subfield>
   <subfield code="x">Canadian Research Knowledge Network Springer Link Current:Full Text</subfield>
   <subfield code="z">1000000000950095</subfield>
  </datafield>
 </record>