
 <record>
  <leader>-----nas-a2200000z--4500</leader>
  <controlfield tag="008">131125uuuuuuuuuxx-uu-|------u|----|eng-d</controlfield>
  <datafield tag="010" ind1="" ind2="">
   <subfield code="a">   93660020 </subfield>
  </datafield>
  <datafield tag="245" ind1="" ind2="0">
   <subfield code="a">Applied magnetic resonance</subfield>
  </datafield>
  <datafield tag="210" ind1="" ind2="">
   <subfield code="a">APPL MAGN RESON</subfield>
  </datafield>
  <datafield tag="210" ind1="" ind2="">
   <subfield code="a">APPL MAGN R</subfield>
  </datafield>
  <datafield tag="260" ind1="" ind2="">
   <subfield code="a">Kazan, USSR</subfield>
   <subfield code="b">Published by the Dept. of General Physics and Astronomy &amp; Kazan Physical-Technical Institute of the Academy of Sciences of USSR</subfield>
  </datafield>
  <datafield tag="022" ind1="" ind2="">
   <subfield code="a">0937-9347</subfield>
  </datafield>
  <datafield tag="776" ind1="" ind2="">
   <subfield code="x">1613-7507</subfield>
  </datafield>
  <datafield tag="090" ind1="" ind2="">
   <subfield code="a">954925571869</subfield>
  </datafield>
  <datafield tag="866" ind1="" ind2="">
   <subfield code="a">Available from 1990 volume: 1 issue: 1 until 1996 volume: 11 issue: 4. </subfield>
   <subfield code="s">1000000000002986</subfield>
   <subfield code="t">1000000000002296</subfield>
   <subfield code="x">Canadian Research Knowledge Network Springer Link Archive:Full Text</subfield>
   <subfield code="z">2610000000000043</subfield>
  </datafield>
  <datafield tag="866" ind1="" ind2="">
   <subfield code="a">Available from 1997 volume: 12 issue: 1. </subfield>
   <subfield code="s">1000000000002533</subfield>
   <subfield code="t">1000000000001874</subfield>
   <subfield code="x">Canadian Research Knowledge Network Springer Link Current:Full Text</subfield>
   <subfield code="z">1000000000948897</subfield>
  </datafield>
 </record>