
 <record>
  <leader>-----nas-a2200000z--4500</leader>
  <controlfield tag="008">131125uuuuuuuuuxx-uu-|------u|----|eng-d</controlfield>
  <datafield tag="010" ind1="" ind2="">
   <subfield code="a">sn 91022040 </subfield>
  </datafield>
  <datafield tag="245" ind1="" ind2="0">
   <subfield code="a">Economic theory</subfield>
  </datafield>
  <datafield tag="210" ind1="" ind2="">
   <subfield code="a">ECON THEOR</subfield>
  </datafield>
  <datafield tag="210" ind1="" ind2="">
   <subfield code="a">ECON THEORY</subfield>
  </datafield>
  <datafield tag="210" ind1="" ind2="">
   <subfield code="a">ECONOM. THEORY</subfield>
  </datafield>
  <datafield tag="260" ind1="" ind2="">
   <subfield code="a">Heidelberg</subfield>
   <subfield code="b">Springer</subfield>
  </datafield>
  <datafield tag="022" ind1="" ind2="">
   <subfield code="a">0938-2259</subfield>
  </datafield>
  <datafield tag="776" ind1="" ind2="">
   <subfield code="x">1432-0479</subfield>
  </datafield>
  <datafield tag="090" ind1="" ind2="">
   <subfield code="a">954925571875</subfield>
  </datafield>
  <datafield tag="866" ind1="" ind2="">
   <subfield code="a">Available from 1991 volume: 1 issue: 1 until 1996. </subfield>
   <subfield code="s">1000000000002986</subfield>
   <subfield code="t">1000000000002296</subfield>
   <subfield code="x">Canadian Research Knowledge Network Springer Link Archive:Full Text</subfield>
   <subfield code="z">1000000001788599</subfield>
  </datafield>
  <datafield tag="866" ind1="" ind2="">
   <subfield code="a">Available from 1996 volume: 9 issue: 1. </subfield>
   <subfield code="s">1000000000002533</subfield>
   <subfield code="t">1000000000001874</subfield>
   <subfield code="x">Canadian Research Knowledge Network Springer Link Current:Full Text</subfield>
   <subfield code="z">1000000000949147</subfield>
  </datafield>
 </record>