
 <record>
  <leader>-----nas-a2200000z--4500</leader>
  <controlfield tag="008">131125uuuuuuuuuxx-uu-|------u|----|eng-d</controlfield>
  <datafield tag="010" ind1="" ind2="">
   <subfield code="a">  2007233490</subfield>
  </datafield>
  <datafield tag="245" ind1="" ind2="0">
   <subfield code="a">Archive of applied mechanics</subfield>
  </datafield>
  <datafield tag="210" ind1="" ind2="">
   <subfield code="a">ARCH APPL MECH</subfield>
  </datafield>
  <datafield tag="210" ind1="" ind2="">
   <subfield code="a">ARCH APPL M</subfield>
  </datafield>
  <datafield tag="210" ind1="" ind2="">
   <subfield code="a">ARCHIVE OF APPLIED MECHANICS INGENIEUR ARCHIV</subfield>
  </datafield>
  <datafield tag="260" ind1="" ind2="">
   <subfield code="a">[New York, N.Y.]</subfield>
   <subfield code="b">Springer-Verlag</subfield>
  </datafield>
  <datafield tag="022" ind1="" ind2="">
   <subfield code="a">0939-1533</subfield>
  </datafield>
  <datafield tag="776" ind1="" ind2="">
   <subfield code="x">1432-0681</subfield>
  </datafield>
  <datafield tag="090" ind1="" ind2="">
   <subfield code="a">954925571880</subfield>
  </datafield>
  <datafield tag="866" ind1="" ind2="">
   <subfield code="a">Available from 1991 until 1996. </subfield>
   <subfield code="b">$obj-&gt;parsedDate('&gt;=','1991',undef,undef) &amp;&amp; $obj-&gt;parsedDate('&lt;=','1996',undef,undef)</subfield>
   <subfield code="c">L</subfield>
   <subfield code="s">1000000000002986</subfield>
   <subfield code="t">1000000000002296</subfield>
   <subfield code="x">Canadian Research Knowledge Network Springer Link Archive:Full Text</subfield>
   <subfield code="z">1000000001788656</subfield>
  </datafield>
  <datafield tag="866" ind1="" ind2="">
   <subfield code="a">Available from 1996 volume: 66 issue: 1. </subfield>
   <subfield code="s">1000000000002533</subfield>
   <subfield code="t">1000000000001874</subfield>
   <subfield code="x">Canadian Research Knowledge Network Springer Link Current:Full Text</subfield>
   <subfield code="z">1000000000948915</subfield>
  </datafield>
 </record>