
 <record>
  <leader>-----nas-a2200000z--4500</leader>
  <controlfield tag="008">131125uuuuuuuuuxx-uu-|------u|----|eng-d</controlfield>
  <datafield tag="010" ind1="" ind2="">
   <subfield code="a">sn 95043389 </subfield>
  </datafield>
  <datafield tag="245" ind1="" ind2="0">
   <subfield code="a">Vegetation history and archaeobotany</subfield>
  </datafield>
  <datafield tag="210" ind1="" ind2="">
   <subfield code="a">VEG HIST ARCHAEOBOTANY</subfield>
  </datafield>
  <datafield tag="210" ind1="" ind2="">
   <subfield code="a">VEG HIST ARCHAEOBOT</subfield>
  </datafield>
  <datafield tag="210" ind1="" ind2="">
   <subfield code="a">VEG HIST AR</subfield>
  </datafield>
  <datafield tag="210" ind1="" ind2="">
   <subfield code="a">VEGETATION HISTORY &amp; ARCHAEOBOTANY</subfield>
  </datafield>
  <datafield tag="260" ind1="" ind2="">
   <subfield code="a">[Berlin?]</subfield>
   <subfield code="b">Springer-International</subfield>
  </datafield>
  <datafield tag="022" ind1="" ind2="">
   <subfield code="a">0939-6314</subfield>
  </datafield>
  <datafield tag="776" ind1="" ind2="">
   <subfield code="x">1617-6278</subfield>
  </datafield>
  <datafield tag="090" ind1="" ind2="">
   <subfield code="a">954925571885</subfield>
  </datafield>
  <datafield tag="866" ind1="" ind2="">
   <subfield code="a">Available from 1992 volume: 1 issue: 1 until 1996. </subfield>
   <subfield code="s">1000000000002986</subfield>
   <subfield code="t">1000000000002296</subfield>
   <subfield code="x">Canadian Research Knowledge Network Springer Link Archive:Full Text</subfield>
   <subfield code="z">1000000001788721</subfield>
  </datafield>
  <datafield tag="866" ind1="" ind2="">
   <subfield code="a">Available from 1997 volume: 6 issue: 1. </subfield>
   <subfield code="s">1000000000002533</subfield>
   <subfield code="t">1000000000001874</subfield>
   <subfield code="x">Canadian Research Knowledge Network Springer Link Current:Full Text</subfield>
   <subfield code="z">1000000000950079</subfield>
  </datafield>
 </record>