
 <record>
  <leader>-----nas-a2200000z--4500</leader>
  <controlfield tag="008">131125uuuuuuuuuxx-uu-|------u|----|eng-d</controlfield>
  <datafield tag="010" ind1="" ind2="">
   <subfield code="a">   91651486 </subfield>
  </datafield>
  <datafield tag="245" ind1="" ind2="0">
   <subfield code="a">Medicinal chemistry research</subfield>
  </datafield>
  <datafield tag="210" ind1="" ind2="">
   <subfield code="a">MED CHEM RES</subfield>
  </datafield>
  <datafield tag="210" ind1="" ind2="">
   <subfield code="a">MED CHEM RE</subfield>
  </datafield>
  <datafield tag="210" ind1="" ind2="">
   <subfield code="a">MEDICINAL CHEMISTRY RESEARCH AN INTERNATIONAL JOURNAL FOR RAPID COMMUNICATIONS</subfield>
  </datafield>
  <datafield tag="260" ind1="" ind2="">
   <subfield code="a">Cambridge, MA</subfield>
   <subfield code="b">Springer US</subfield>
  </datafield>
  <datafield tag="022" ind1="" ind2="">
   <subfield code="a">1054-2523</subfield>
  </datafield>
  <datafield tag="776" ind1="" ind2="">
   <subfield code="x">1554-8120</subfield>
  </datafield>
  <datafield tag="090" ind1="" ind2="">
   <subfield code="a">954925595527</subfield>
  </datafield>
  <datafield tag="866" ind1="" ind2="">
   <subfield code="a">Available from 2004 volume: 13 issue: 1. </subfield>
   <subfield code="s">1000000000002533</subfield>
   <subfield code="t">1000000000001874</subfield>
   <subfield code="x">Canadian Research Knowledge Network Springer Link Current:Full Text</subfield>
   <subfield code="z">1000000000949698</subfield>
  </datafield>
 </record>