
 <record>
  <leader>-----nas-a2200000z--4500</leader>
  <controlfield tag="008">131125uuuuuuuuuxx-uu-|------u|----|eng-d</controlfield>
  <datafield tag="010" ind1="" ind2="">
   <subfield code="a">   91644669 </subfield>
  </datafield>
  <datafield tag="245" ind1="" ind2="0">
   <subfield code="a">In vitro cellular &amp; developmental biology. Plant</subfield>
  </datafield>
  <datafield tag="210" ind1="" ind2="">
   <subfield code="a">IN VITRO CELLULAR AND DEVELOPMENTAL BIOLOGY PLANT</subfield>
  </datafield>
  <datafield tag="210" ind1="" ind2="">
   <subfield code="a">IN VITRO CELLULAR AND DEVELOPMENT BIOLOGY PLANT</subfield>
  </datafield>
  <datafield tag="210" ind1="" ind2="">
   <subfield code="a">IN VITRO PL</subfield>
  </datafield>
  <datafield tag="210" ind1="" ind2="">
   <subfield code="a">IN VITRO CELL DEV PL</subfield>
  </datafield>
  <datafield tag="210" ind1="" ind2="">
   <subfield code="a">IN VITRO CELL DEV BIOL PLANT</subfield>
  </datafield>
  <datafield tag="210" ind1="" ind2="">
   <subfield code="a">IN VITRO CELLULAR AND DEVELOPMENTAL BIOLOGY PLANT SECTION</subfield>
  </datafield>
  <datafield tag="210" ind1="" ind2="">
   <subfield code="a">IN VITRO CELL. DEV. BIOL., PLANT</subfield>
  </datafield>
  <datafield tag="210" ind1="" ind2="">
   <subfield code="a">IN VITRO CELLULAR AND DEVELOPMENTAL BIOLOGY</subfield>
  </datafield>
  <datafield tag="210" ind1="" ind2="">
   <subfield code="a">IN VITRO CELL DEV-PL</subfield>
  </datafield>
  <datafield tag="210" ind1="" ind2="">
   <subfield code="a">PL</subfield>
  </datafield>
  <datafield tag="260" ind1="" ind2="">
   <subfield code="b">Springer New York</subfield>
  </datafield>
  <datafield tag="022" ind1="" ind2="">
   <subfield code="a">1054-5476</subfield>
  </datafield>
  <datafield tag="776" ind1="" ind2="">
   <subfield code="x">1475-2689</subfield>
  </datafield>
  <datafield tag="090" ind1="" ind2="">
   <subfield code="a">954925595529</subfield>
  </datafield>
  <datafield tag="866" ind1="" ind2="">
   <subfield code="a">Available from 1965 volume: 1 until 1996 volume: 31. </subfield>
   <subfield code="s">1000000000002986</subfield>
   <subfield code="t">1000000000002296</subfield>
   <subfield code="x">Canadian Research Knowledge Network Springer Link Archive:Full Text</subfield>
   <subfield code="z">1000000001826134</subfield>
  </datafield>
  <datafield tag="866" ind1="" ind2="">
   <subfield code="a">Available from 1997 volume: 33 issue: 1. </subfield>
   <subfield code="s">1000000000002533</subfield>
   <subfield code="t">1000000000001874</subfield>
   <subfield code="x">Canadian Research Knowledge Network Springer Link Current:Full Text</subfield>
   <subfield code="z">1000000000949312</subfield>
  </datafield>
 </record>