
 <record>
  <leader>-----nas-a2200000z--4500</leader>
  <controlfield tag="008">131125uuuuuuuuuxx-uu-|------u|----|eng-d</controlfield>
  <datafield tag="010" ind1="" ind2="">
   <subfield code="a">   92648972 </subfield>
  </datafield>
  <datafield tag="245" ind1="" ind2="0">
   <subfield code="a">Laser physics</subfield>
  </datafield>
  <datafield tag="210" ind1="" ind2="">
   <subfield code="a">LASER PHYS</subfield>
  </datafield>
  <datafield tag="210" ind1="" ind2="">
   <subfield code="a">LASER PHYSICS INTERNATIONAL JOURNAL</subfield>
  </datafield>
  <datafield tag="260" ind1="" ind2="">
   <subfield code="a">Lawrence, KS</subfield>
   <subfield code="b">Pleiades Pub.</subfield>
  </datafield>
  <datafield tag="022" ind1="" ind2="">
   <subfield code="a">1054-660X</subfield>
  </datafield>
  <datafield tag="776" ind1="" ind2="">
   <subfield code="x">1555-6611</subfield>
  </datafield>
  <datafield tag="090" ind1="" ind2="">
   <subfield code="a">954925595531</subfield>
  </datafield>
  <datafield tag="866" ind1="" ind2="">
   <subfield code="a">Available from 2006 volume: 16 issue: 1 until 2012 volume: 22 issue: 12. </subfield>
   <subfield code="b">$obj-&gt;parsedDate('&gt;=','2006','16','1') &amp;&amp; $obj-&gt;parsedDate('&lt;=','2012','22','12')</subfield>
   <subfield code="c">L</subfield>
   <subfield code="s">1000000000002533</subfield>
   <subfield code="t">1000000000001874</subfield>
   <subfield code="x">Canadian Research Knowledge Network Springer Link Current:Full Text</subfield>
   <subfield code="z">1000000001825936</subfield>
  </datafield>
 </record>