
 <record>
  <leader>-----nas-a2200000z--4500</leader>
  <controlfield tag="008">131125uuuuuuuuuxx-uu-|------u|----|eng-d</controlfield>
  <datafield tag="010" ind1="" ind2="">
   <subfield code="a">  2004233395</subfield>
  </datafield>
  <datafield tag="245" ind1="" ind2="0">
   <subfield code="a">Papers in regional science</subfield>
  </datafield>
  <datafield tag="210" ind1="" ind2="">
   <subfield code="a">PAP REG SCI</subfield>
  </datafield>
  <datafield tag="260" ind1="" ind2="">
   <subfield code="a">Urbana, Ill.</subfield>
   <subfield code="b">Association, in cooperation with the Regional Science Program, University of Illinois at Urbana-Champaign</subfield>
  </datafield>
  <datafield tag="022" ind1="" ind2="">
   <subfield code="a">1056-8190</subfield>
  </datafield>
  <datafield tag="776" ind1="" ind2="">
   <subfield code="x">1435-5957</subfield>
  </datafield>
  <datafield tag="090" ind1="" ind2="">
   <subfield code="a">954925596547</subfield>
  </datafield>
  <datafield tag="866" ind1="" ind2="">
   <subfield code="a">Available from 1991 volume: 70 issue: 1 until 1996. </subfield>
   <subfield code="b">$obj-&gt;parsedDate('&gt;=','1991,'70','1') &amp;&amp; $obj-&gt;parsedDate('&lt;=','1996','undef','undef')</subfield>
   <subfield code="c">L</subfield>
   <subfield code="s">1000000000002986</subfield>
   <subfield code="t">1000000000002296</subfield>
   <subfield code="x">Canadian Research Knowledge Network Springer Link Archive:Full Text</subfield>
   <subfield code="z">1000000001789363</subfield>
  </datafield>
 </record>