
 <record>
  <leader>-----nas-a2200000z--4500</leader>
  <controlfield tag="008">131125uuuuuuuuuxx-uu-|------u|----|eng-d</controlfield>
  <datafield tag="010" ind1="" ind2="">
   <subfield code="a">   92644065 </subfield>
  </datafield>
  <datafield tag="245" ind1="" ind2="0">
   <subfield code="a">Journal of materials engineering and performance</subfield>
  </datafield>
  <datafield tag="210" ind1="" ind2="">
   <subfield code="a">J MATER ENG PERFORM</subfield>
  </datafield>
  <datafield tag="210" ind1="" ind2="">
   <subfield code="a">J MAT ENG P</subfield>
  </datafield>
  <datafield tag="210" ind1="" ind2="">
   <subfield code="a">JOURNAL OF MATERIALS ENGINEERING &amp; PERFORMANCE</subfield>
  </datafield>
  <datafield tag="260" ind1="" ind2="">
   <subfield code="a">Materials Park, OH</subfield>
   <subfield code="b">Springer US</subfield>
  </datafield>
  <datafield tag="022" ind1="" ind2="">
   <subfield code="a">1059-9495</subfield>
  </datafield>
  <datafield tag="776" ind1="" ind2="">
   <subfield code="x">1544-1024</subfield>
  </datafield>
  <datafield tag="090" ind1="" ind2="">
   <subfield code="a">954925597588</subfield>
  </datafield>
  <datafield tag="866" ind1="" ind2="">
   <subfield code="a">Available from 1992 volume: 1 issue: 1 until 1996 volume: 5 issue: 6. </subfield>
   <subfield code="b">$obj-&gt;parsedDate('&gt;=','1992','1','1') &amp;&amp; $obj-&gt;parsedDate('&lt;=','1996','5','6')</subfield>
   <subfield code="c">L</subfield>
   <subfield code="s">1000000000002986</subfield>
   <subfield code="t">1000000000002296</subfield>
   <subfield code="x">Canadian Research Knowledge Network Springer Link Archive:Full Text</subfield>
   <subfield code="z">1000000001826146</subfield>
  </datafield>
  <datafield tag="866" ind1="" ind2="">
   <subfield code="a">Available from 1997 volume: 6 issue: 1. </subfield>
   <subfield code="b">$obj-&gt;parsedDate('&gt;=','1997','6','1')</subfield>
   <subfield code="c">L</subfield>
   <subfield code="s">1000000000002533</subfield>
   <subfield code="t">1000000000001874</subfield>
   <subfield code="x">Canadian Research Knowledge Network Springer Link Current:Full Text</subfield>
   <subfield code="z">1000000000949546</subfield>
  </datafield>
 </record>