
 <record>
  <leader>-----nas-a2200000z--4500</leader>
  <controlfield tag="008">131125uuuuuuuuuxx-uu-|------u|----|eng-d</controlfield>
  <datafield tag="010" ind1="" ind2="">
   <subfield code="a">  2008233487</subfield>
  </datafield>
  <datafield tag="245" ind1="" ind2="0">
   <subfield code="a">Journal of analytical chemistry</subfield>
  </datafield>
  <datafield tag="210" ind1="" ind2="">
   <subfield code="a">J ANALYT CH</subfield>
  </datafield>
  <datafield tag="210" ind1="" ind2="">
   <subfield code="a">J ANAL CHEM</subfield>
  </datafield>
  <datafield tag="210" ind1="" ind2="">
   <subfield code="a">J ANAL CHEM+</subfield>
  </datafield>
  <datafield tag="260" ind1="" ind2="">
   <subfield code="a">[New York, N.Y.]</subfield>
   <subfield code="b">MAIK Nauka/Interperiodica</subfield>
  </datafield>
  <datafield tag="022" ind1="" ind2="">
   <subfield code="a">1061-9348</subfield>
  </datafield>
  <datafield tag="776" ind1="" ind2="">
   <subfield code="x">1608-3199</subfield>
  </datafield>
  <datafield tag="090" ind1="" ind2="">
   <subfield code="a">954925598619</subfield>
  </datafield>
  <datafield tag="866" ind1="" ind2="">
   <subfield code="a">Available from 2000 volume: 1 issue: 1. </subfield>
   <subfield code="s">1000000000002533</subfield>
   <subfield code="t">1000000000001874</subfield>
   <subfield code="x">Canadian Research Knowledge Network Springer Link Current:Full Text</subfield>
   <subfield code="z">1000000000949422</subfield>
  </datafield>
 </record>