
 <record>
  <leader>-----nas-a2200000z--4500</leader>
  <controlfield tag="008">131125uuuuuuuuuxx-uu-|------u|----|eng-d</controlfield>
  <datafield tag="010" ind1="" ind2="">
   <subfield code="a">   93646141 </subfield>
  </datafield>
  <datafield tag="245" ind1="" ind2="0">
   <subfield code="a">Plasma physics reports</subfield>
  </datafield>
  <datafield tag="210" ind1="" ind2="">
   <subfield code="a">PLASMA PHYS REP</subfield>
  </datafield>
  <datafield tag="210" ind1="" ind2="">
   <subfield code="a">PLAS PHYS R</subfield>
  </datafield>
  <datafield tag="210" ind1="" ind2="">
   <subfield code="a">PLASMA PHYS REPORTS</subfield>
  </datafield>
  <datafield tag="210" ind1="" ind2="">
   <subfield code="a">PLASMA PHYS REP+</subfield>
  </datafield>
  <datafield tag="260" ind1="" ind2="">
   <subfield code="a">New York, NY</subfield>
   <subfield code="b">American Institute of Physics</subfield>
  </datafield>
  <datafield tag="022" ind1="" ind2="">
   <subfield code="a">1063-780X</subfield>
  </datafield>
  <datafield tag="776" ind1="" ind2="">
   <subfield code="x">1562-6938</subfield>
  </datafield>
  <datafield tag="090" ind1="" ind2="">
   <subfield code="a">954925599651</subfield>
  </datafield>
  <datafield tag="866" ind1="" ind2="">
   <subfield code="a">Available from 2000 volume: 26 issue: 1. </subfield>
   <subfield code="s">1000000000002533</subfield>
   <subfield code="t">1000000000001874</subfield>
   <subfield code="x">Canadian Research Knowledge Network Springer Link Current:Full Text</subfield>
   <subfield code="z">1000000001825954</subfield>
  </datafield>
 </record>