
 <record>
  <leader>-----nas-a2200000z--4500</leader>
  <controlfield tag="008">131125uuuuuuuuuxx-uu-|------u|----|eng-d</controlfield>
  <datafield tag="010" ind1="" ind2="">
   <subfield code="a">   92641584 </subfield>
  </datafield>
  <datafield tag="245" ind1="" ind2="0">
   <subfield code="a">Eurasian soil science</subfield>
  </datafield>
  <datafield tag="210" ind1="" ind2="">
   <subfield code="a">EURASIAN SOIL SCI</subfield>
  </datafield>
  <datafield tag="210" ind1="" ind2="">
   <subfield code="a">EURAS SOIL</subfield>
  </datafield>
  <datafield tag="210" ind1="" ind2="">
   <subfield code="a">EURASIAN SOIL SCI+</subfield>
  </datafield>
  <datafield tag="260" ind1="" ind2="">
   <subfield code="a">Silver Spring, MD</subfield>
   <subfield code="b">Scripta Technica</subfield>
  </datafield>
  <datafield tag="022" ind1="" ind2="">
   <subfield code="a">1064-2293</subfield>
  </datafield>
  <datafield tag="776" ind1="" ind2="">
   <subfield code="x">1556-195X</subfield>
  </datafield>
  <datafield tag="090" ind1="" ind2="">
   <subfield code="a">954925600662</subfield>
  </datafield>
  <datafield tag="866" ind1="" ind2="">
   <subfield code="a">Available from 2006 volume: 39 issue: 1. </subfield>
   <subfield code="s">1000000000002533</subfield>
   <subfield code="t">1000000000001874</subfield>
   <subfield code="x">Canadian Research Knowledge Network Springer Link Current:Full Text</subfield>
   <subfield code="z">1000000001825960</subfield>
  </datafield>
 </record>