
 <record>
  <leader>-----nas-a2200000z--4500</leader>
  <controlfield tag="008">131125uuuuuuuuuxx-uu-|------u|----|eng-d</controlfield>
  <datafield tag="010" ind1="" ind2="">
   <subfield code="a">   93648865 </subfield>
  </datafield>
  <datafield tag="245" ind1="" ind2="0">
   <subfield code="a">In vitro cellular &amp; developmental biology. Animal</subfield>
  </datafield>
  <datafield tag="210" ind1="" ind2="">
   <subfield code="a">IN VITRO CELLULAR AND DEVELOPMENTAL BIOLOGY ANIMAL</subfield>
  </datafield>
  <datafield tag="210" ind1="" ind2="">
   <subfield code="a">IN VITRO CELL DEV BIOL ANIM</subfield>
  </datafield>
  <datafield tag="210" ind1="" ind2="">
   <subfield code="a">IN VIITRO CELLULAR &amp; DEVELOPMENTAL BIOLOGY</subfield>
  </datafield>
  <datafield tag="210" ind1="" ind2="">
   <subfield code="a">In Vitro Cellular and Developmental Biology</subfield>
  </datafield>
  <datafield tag="210" ind1="" ind2="">
   <subfield code="a">IN VITRO CELLULAR &amp; DEVELOPMENTAL BIOLOGY</subfield>
  </datafield>
  <datafield tag="210" ind1="" ind2="">
   <subfield code="a">IN VITRO CELL DEV-AN</subfield>
  </datafield>
  <datafield tag="210" ind1="" ind2="">
   <subfield code="a">AN</subfield>
  </datafield>
  <datafield tag="260" ind1="" ind2="">
   <subfield code="a">Columbia, MD</subfield>
   <subfield code="b">Springer New York</subfield>
  </datafield>
  <datafield tag="022" ind1="" ind2="">
   <subfield code="a">1071-2690</subfield>
  </datafield>
  <datafield tag="776" ind1="" ind2="">
   <subfield code="x">1543-706X</subfield>
  </datafield>
  <datafield tag="090" ind1="" ind2="">
   <subfield code="a">954925603743</subfield>
  </datafield>
  <datafield tag="866" ind1="" ind2="">
   <subfield code="a">Available from 1991 volume: 27 until 1995 volume: 31. </subfield>
   <subfield code="s">1000000000002986</subfield>
   <subfield code="t">1000000000002296</subfield>
   <subfield code="x">Canadian Research Knowledge Network Springer Link Archive:Full Text</subfield>
   <subfield code="z">1000000001826144</subfield>
  </datafield>
  <datafield tag="866" ind1="" ind2="">
   <subfield code="a">Available from 1997 volume: 33 issue: 1. </subfield>
   <subfield code="s">1000000000002533</subfield>
   <subfield code="t">1000000000001874</subfield>
   <subfield code="x">Canadian Research Knowledge Network Springer Link Current:Full Text</subfield>
   <subfield code="z">1000000000949311</subfield>
  </datafield>
 </record>