
 <record>
  <leader>-----nas-a2200000z--4500</leader>
  <controlfield tag="008">131125uuuuuuuuuxx-uu-|------u|----|eng-d</controlfield>
  <datafield tag="010" ind1="" ind2="">
   <subfield code="a">   00213631 </subfield>
  </datafield>
  <datafield tag="245" ind1="" ind2="0">
   <subfield code="a">Journal of nuclear cardiology</subfield>
  </datafield>
  <datafield tag="210" ind1="" ind2="">
   <subfield code="a">J NUCLEAR CARDIOLOGY</subfield>
  </datafield>
  <datafield tag="210" ind1="" ind2="">
   <subfield code="a">J NUCL CARDIOL</subfield>
  </datafield>
  <datafield tag="210" ind1="" ind2="">
   <subfield code="a">J NUCL CARD</subfield>
  </datafield>
  <datafield tag="260" ind1="" ind2="">
   <subfield code="a">St. Louis, Mo.</subfield>
   <subfield code="b">Mosby</subfield>
  </datafield>
  <datafield tag="022" ind1="" ind2="">
   <subfield code="a">1071-3581</subfield>
  </datafield>
  <datafield tag="776" ind1="" ind2="">
   <subfield code="x">1532-6551</subfield>
  </datafield>
  <datafield tag="090" ind1="" ind2="">
   <subfield code="a">954925603744</subfield>
  </datafield>
  <datafield tag="866" ind1="" ind2="">
   <subfield code="a">Available from 1997 volume: 4 issue: 1. </subfield>
   <subfield code="s">1000000000002533</subfield>
   <subfield code="t">1000000000001874</subfield>
   <subfield code="x">Canadian Research Knowledge Network Springer Link Current:Full Text</subfield>
   <subfield code="z">2480000000001522</subfield>
  </datafield>
 </record>