
 <record>
  <leader>-----nas-a2200000z--4500</leader>
  <controlfield tag="008">131125uuuuuuuuuxx-uu-|------u|----|eng-d</controlfield>
  <datafield tag="010" ind1="" ind2="">
   <subfield code="a">  2003213206</subfield>
  </datafield>
  <datafield tag="245" ind1="" ind2="0">
   <subfield code="a">Metallurgical and materials transactions. A, Physical metallurgy and materials science</subfield>
  </datafield>
  <datafield tag="210" ind1="" ind2="">
   <subfield code="a">METALLURGICAL AND MATERIALS TRANSACTIONS A</subfield>
  </datafield>
  <datafield tag="210" ind1="" ind2="">
   <subfield code="a">METALL. MAT. TRANS. A</subfield>
  </datafield>
  <datafield tag="210" ind1="" ind2="">
   <subfield code="a">METALL MATER TRANS A</subfield>
  </datafield>
  <datafield tag="210" ind1="" ind2="">
   <subfield code="a">METALLURGICAL &amp; MATERIALS TRANSACTIONS; A; PHYSICAL METALLURGY &amp; MATERIALS SCIENCE</subfield>
  </datafield>
  <datafield tag="210" ind1="" ind2="">
   <subfield code="a">METALLURGICAL AND MATERIALS TRANSACTIONS; A; PHYSICAL METALLURGY &amp; MATERIALS SCIENCE</subfield>
  </datafield>
  <datafield tag="210" ind1="" ind2="">
   <subfield code="a">METALLURGICAL &amp; MATERIALS TRANSACTIONS; A; PHYSICAL METALLURGY AND MATERIALS SCIENCE</subfield>
  </datafield>
  <datafield tag="260" ind1="" ind2="">
   <subfield code="a">Warrendale, PA</subfield>
   <subfield code="b">Springer US</subfield>
  </datafield>
  <datafield tag="022" ind1="" ind2="">
   <subfield code="a">1073-5623</subfield>
  </datafield>
  <datafield tag="776" ind1="" ind2="">
   <subfield code="x">1543-1940</subfield>
  </datafield>
  <datafield tag="090" ind1="" ind2="">
   <subfield code="a">954925604771</subfield>
  </datafield>
  <datafield tag="866" ind1="" ind2="">
   <subfield code="a">Available from 1970 volume: 1 until 1996 volume: 26. </subfield>
   <subfield code="s">1000000000002986</subfield>
   <subfield code="t">1000000000002296</subfield>
   <subfield code="x">Canadian Research Knowledge Network Springer Link Archive:Full Text</subfield>
   <subfield code="z">1000000001826143</subfield>
  </datafield>
  <datafield tag="866" ind1="" ind2="">
   <subfield code="a">Available from 1997 volume: 28 issue: 1. </subfield>
   <subfield code="s">1000000000002533</subfield>
   <subfield code="t">1000000000001874</subfield>
   <subfield code="x">Canadian Research Knowledge Network Springer Link Current:Full Text</subfield>
   <subfield code="z">1000000000949708</subfield>
  </datafield>
 </record>