
 <record>
  <leader>-----nas-a2200000z--4500</leader>
  <controlfield tag="008">131125uuuuuuuuuxx-uu-|------u|----|eng-d</controlfield>
  <datafield tag="010" ind1="" ind2="">
   <subfield code="a">   94648376 </subfield>
  </datafield>
  <datafield tag="245" ind1="" ind2="0">
   <subfield code="a">Geology of ore deposits</subfield>
  </datafield>
  <datafield tag="210" ind1="" ind2="">
   <subfield code="a">GEOL ORE DEPOS</subfield>
  </datafield>
  <datafield tag="210" ind1="" ind2="">
   <subfield code="a">GEOL ORE DEPOSITS</subfield>
  </datafield>
  <datafield tag="210" ind1="" ind2="">
   <subfield code="a">GEOL ORE DEPOSIT</subfield>
  </datafield>
  <datafield tag="210" ind1="" ind2="">
   <subfield code="a">GEOL ORE D</subfield>
  </datafield>
  <datafield tag="210" ind1="" ind2="">
   <subfield code="a">GEOL ORE DEPOSIT+</subfield>
  </datafield>
  <datafield tag="260" ind1="" ind2="">
   <subfield code="a">Moscow, Russia</subfield>
   <subfield code="b">Interperiodica Pub. :</subfield>
  </datafield>
  <datafield tag="022" ind1="" ind2="">
   <subfield code="a">1075-7015</subfield>
  </datafield>
  <datafield tag="776" ind1="" ind2="">
   <subfield code="x">1555-6476</subfield>
  </datafield>
  <datafield tag="090" ind1="" ind2="">
   <subfield code="a">954925604789</subfield>
  </datafield>
  <datafield tag="866" ind1="" ind2="">
   <subfield code="a">Available from 2006 volume: 48 issue: 1. </subfield>
   <subfield code="s">1000000000002533</subfield>
   <subfield code="t">1000000000001874</subfield>
   <subfield code="x">Canadian Research Knowledge Network Springer Link Current:Full Text</subfield>
   <subfield code="z">1000000001825980</subfield>
  </datafield>
 </record>