
 <record>
  <leader>-----nas-a2200000z--4500</leader>
  <controlfield tag="008">131125uuuuuuuuuxx-uu-|------u|----|spa-d</controlfield>
  <datafield tag="245" ind1="" ind2="0">
   <subfield code="a">Journal of physiology and biochemistry</subfield>
  </datafield>
  <datafield tag="210" ind1="" ind2="">
   <subfield code="a">J PHYSIOL BIOCHEM</subfield>
  </datafield>
  <datafield tag="260" ind1="" ind2="">
   <subfield code="a">Pamplona, Spain</subfield>
   <subfield code="b">Servicio de Publicaciones de la Universidad de Navarra (Departamentos de Fisiología y Nutrición y de Bioquimica)</subfield>
  </datafield>
  <datafield tag="022" ind1="" ind2="">
   <subfield code="a">1138-7548</subfield>
  </datafield>
  <datafield tag="776" ind1="" ind2="">
   <subfield code="x">1877-8755</subfield>
  </datafield>
  <datafield tag="090" ind1="" ind2="">
   <subfield code="a">954925611964</subfield>
  </datafield>
  <datafield tag="866" ind1="" ind2="">
   <subfield code="a">Available from 2000 volume: 56 issue: 1. </subfield>
   <subfield code="s">1000000000002533</subfield>
   <subfield code="t">1000000000001874</subfield>
   <subfield code="x">Canadian Research Knowledge Network Springer Link Current:Full Text</subfield>
   <subfield code="z">2590000000002494</subfield>
  </datafield>
 </record>