
 <record>
  <leader>-----nas-a2200000z--4500</leader>
  <controlfield tag="008">131125uuuuuuuuuxx-uu-|------u|----|eng-d</controlfield>
  <datafield tag="010" ind1="" ind2="">
   <subfield code="a">  2007233416</subfield>
  </datafield>
  <datafield tag="245" ind1="" ind2="0">
   <subfield code="a">Hematology and cell therapy</subfield>
  </datafield>
  <datafield tag="210" ind1="" ind2="">
   <subfield code="a">HEMATOL CELL THER</subfield>
  </datafield>
  <datafield tag="210" ind1="" ind2="">
   <subfield code="a">HEMATOLOGY &amp; CELL THERAPY</subfield>
  </datafield>
  <datafield tag="260" ind1="" ind2="">
   <subfield code="a">Paris</subfield>
   <subfield code="b">Springer-Verlag France</subfield>
  </datafield>
  <datafield tag="022" ind1="" ind2="">
   <subfield code="a">1269-3286</subfield>
  </datafield>
  <datafield tag="776" ind1="" ind2="">
   <subfield code="x">1279-8509</subfield>
  </datafield>
  <datafield tag="090" ind1="" ind2="">
   <subfield code="a">954925614016</subfield>
  </datafield>
  <datafield tag="866" ind1="" ind2="">
   <subfield code="a">Available from 1997 volume: 38 issue: 2 until 2000 volume: 42 issue: 3. </subfield>
   <subfield code="s">1000000000002533</subfield>
   <subfield code="t">1000000000001874</subfield>
   <subfield code="x">Canadian Research Knowledge Network Springer Link Current:Full Text</subfield>
   <subfield code="z">2590000000002499</subfield>
  </datafield>
 </record>