
 <record>
  <leader>-----nas-a2200000z--4500</leader>
  <controlfield tag="008">131125uuuuuuuuuxx-uu-|------u|----|eng-d</controlfield>
  <datafield tag="010" ind1="" ind2="">
   <subfield code="a">  2007233706</subfield>
  </datafield>
  <datafield tag="245" ind1="" ind2="0">
   <subfield code="a">Data mining and knowledge discovery</subfield>
  </datafield>
  <datafield tag="210" ind1="" ind2="">
   <subfield code="a">DATA MIN KNOWL DISCOV</subfield>
  </datafield>
  <datafield tag="210" ind1="" ind2="">
   <subfield code="a">DATA MIN KNOWL DISC</subfield>
  </datafield>
  <datafield tag="210" ind1="" ind2="">
   <subfield code="a">DATA M K D</subfield>
  </datafield>
  <datafield tag="210" ind1="" ind2="">
   <subfield code="a">THE JOURNAL OF DATA MINING AND KNOWLEDGE DISCOVERY</subfield>
  </datafield>
  <datafield tag="210" ind1="" ind2="">
   <subfield code="a">DATA MINING &amp; KNOWLEDGE DISCOVERY</subfield>
  </datafield>
  <datafield tag="260" ind1="" ind2="">
   <subfield code="a">Boston</subfield>
   <subfield code="b">Springer</subfield>
  </datafield>
  <datafield tag="022" ind1="" ind2="">
   <subfield code="a">1384-5810</subfield>
  </datafield>
  <datafield tag="776" ind1="" ind2="">
   <subfield code="x">1573-756X</subfield>
  </datafield>
  <datafield tag="090" ind1="" ind2="">
   <subfield code="a">954925621204</subfield>
  </datafield>
  <datafield tag="866" ind1="" ind2="">
   <subfield code="a">Available from 1997 volume: 1 issue: 1. </subfield>
   <subfield code="s">1000000000002533</subfield>
   <subfield code="t">1000000000001874</subfield>
   <subfield code="x">Canadian Research Knowledge Network Springer Link Current:Full Text</subfield>
   <subfield code="z">1000000000949099</subfield>
  </datafield>
 </record>