
 <record>
  <leader>-----nas-a2200000z--4500</leader>
  <controlfield tag="008">131125uuuuuuuuuxx-uu-|------u|----|eng-d</controlfield>
  <datafield tag="010" ind1="" ind2="">
   <subfield code="a">  2007233747</subfield>
  </datafield>
  <datafield tag="245" ind1="" ind2="0">
   <subfield code="a">Computational geosciences</subfield>
  </datafield>
  <datafield tag="210" ind1="" ind2="">
   <subfield code="a">COMPUTATIONAL GEOSCIENCES MODELING SIMULATION AND DATA ANALYSIS</subfield>
  </datafield>
  <datafield tag="210" ind1="" ind2="">
   <subfield code="a">COMPUTAT GEOSCI</subfield>
  </datafield>
  <datafield tag="260" ind1="" ind2="">
   <subfield code="a">Amsterdam, The Netherlands</subfield>
   <subfield code="b">Baltzer Science Publishers</subfield>
  </datafield>
  <datafield tag="022" ind1="" ind2="">
   <subfield code="a">1420-0597</subfield>
  </datafield>
  <datafield tag="776" ind1="" ind2="">
   <subfield code="x">1573-1499</subfield>
  </datafield>
  <datafield tag="090" ind1="" ind2="">
   <subfield code="a">954925623242</subfield>
  </datafield>
  <datafield tag="866" ind1="" ind2="">
   <subfield code="a">Available from 1997 volume: 1 issue: 1. </subfield>
   <subfield code="s">1000000000002533</subfield>
   <subfield code="t">1000000000001874</subfield>
   <subfield code="x">Canadian Research Knowledge Network Springer Link Current:Full Text</subfield>
   <subfield code="z">1000000000949067</subfield>
  </datafield>
 </record>