
 <record>
  <leader>-----nas-a2200000z--4500</leader>
  <controlfield tag="008">131125uuuuuuuuuxx-uu-|------u|----|eng-d</controlfield>
  <datafield tag="010" ind1="" ind2="">
   <subfield code="a">sn 98030073 </subfield>
  </datafield>
  <datafield tag="245" ind1="" ind2="0">
   <subfield code="a">European physical journal. A, Hadrons and nuclei</subfield>
  </datafield>
  <datafield tag="210" ind1="" ind2="">
   <subfield code="a">THE EUROPEAN PHYSICAL JOURNAL A</subfield>
  </datafield>
  <datafield tag="210" ind1="" ind2="">
   <subfield code="a">EUROPEAN PHYSICAL JOURNAL A EPJ A</subfield>
  </datafield>
  <datafield tag="210" ind1="" ind2="">
   <subfield code="a">EUROPEAN PHYSICAL JOURNAL A</subfield>
  </datafield>
  <datafield tag="210" ind1="" ind2="">
   <subfield code="a">EUR PHYS J A</subfield>
  </datafield>
  <datafield tag="210" ind1="" ind2="">
   <subfield code="a">EUR PHY J A</subfield>
  </datafield>
  <datafield tag="210" ind1="" ind2="">
   <subfield code="a">EUROPEAN PHYSICAL JOURNAL A HADRONS AND NUCLEI</subfield>
  </datafield>
  <datafield tag="210" ind1="" ind2="">
   <subfield code="a">THE EUROPEAN PHYSICAL JOURNAL. A, HADRONS &amp; NUCLEI</subfield>
  </datafield>
  <datafield tag="210" ind1="" ind2="">
   <subfield code="a">EUROPEAN PHYSICAL JOURNAL</subfield>
  </datafield>
  <datafield tag="210" ind1="" ind2="">
   <subfield code="a">EUROPEAN PHYSICAL JOURNAL A -- HADRONS &amp; NUCLEI</subfield>
  </datafield>
  <datafield tag="210" ind1="" ind2="">
   <subfield code="a">EUROPEAN PHYSICAL JOURNAL. A, HADRONS AND NUCLEI</subfield>
  </datafield>
  <datafield tag="210" ind1="" ind2="">
   <subfield code="a">EUROPEAN PHYSICAL JOURNAL A - HADRONS AND NUCLEI</subfield>
  </datafield>
  <datafield tag="260" ind1="" ind2="">
   <subfield code="a">Berlin</subfield>
   <subfield code="b">Springer-Verlag</subfield>
  </datafield>
  <datafield tag="022" ind1="" ind2="">
   <subfield code="a">1434-6001</subfield>
  </datafield>
  <datafield tag="776" ind1="" ind2="">
   <subfield code="x">1434-601X</subfield>
  </datafield>
  <datafield tag="090" ind1="" ind2="">
   <subfield code="a">954925624276</subfield>
  </datafield>
  <datafield tag="866" ind1="" ind2="">
   <subfield code="a">Available from 1998 volume: 1 issue: 1. </subfield>
   <subfield code="s">1000000000002533</subfield>
   <subfield code="t">1000000000001874</subfield>
   <subfield code="x">Canadian Research Knowledge Network Springer Link Current:Full Text</subfield>
   <subfield code="z">1000000000950016</subfield>
  </datafield>
 </record>