
 <record>
  <leader>-----nas-a2200000z--4500</leader>
  <controlfield tag="008">131125uuuuuuuuuxx-uu-|------u|----|eng-d</controlfield>
  <datafield tag="010" ind1="" ind2="">
   <subfield code="a">sn 98023097 </subfield>
  </datafield>
  <datafield tag="245" ind1="" ind2="0">
   <subfield code="a">Langenbeck's archives of surgery</subfield>
  </datafield>
  <datafield tag="210" ind1="" ind2="">
   <subfield code="a">LANGENBECKS ARCHIVE OF SURGERY</subfield>
  </datafield>
  <datafield tag="210" ind1="" ind2="">
   <subfield code="a">LANGENBECKS ARCH SURG</subfield>
  </datafield>
  <datafield tag="210" ind1="" ind2="">
   <subfield code="a">LANGENBECK ARCH SURG</subfield>
  </datafield>
  <datafield tag="210" ind1="" ind2="">
   <subfield code="a">LANG ARCH S</subfield>
  </datafield>
  <datafield tag="210" ind1="" ind2="">
   <subfield code="a">LANGENBECKS ARCHIVES OF SURGERY</subfield>
  </datafield>
  <datafield tag="210" ind1="" ind2="">
   <subfield code="a">LANGENBECK'S ARCH SURG</subfield>
  </datafield>
  <datafield tag="260" ind1="" ind2="">
   <subfield code="a">Berlin, Germany</subfield>
   <subfield code="b">Springer Berlin Heidelberg</subfield>
  </datafield>
  <datafield tag="022" ind1="" ind2="">
   <subfield code="a">1435-2443</subfield>
  </datafield>
  <datafield tag="776" ind1="" ind2="">
   <subfield code="x">1435-2451</subfield>
  </datafield>
  <datafield tag="090" ind1="" ind2="">
   <subfield code="a">954925624283</subfield>
  </datafield>
  <datafield tag="866" ind1="" ind2="">
   <subfield code="a">Available from 1852 volume: 1 issue: 2 until 1996. </subfield>
   <subfield code="s">1000000000002986</subfield>
   <subfield code="t">1000000000002296</subfield>
   <subfield code="x">Canadian Research Knowledge Network Springer Link Archive:Full Text</subfield>
   <subfield code="z">1000000001788719</subfield>
  </datafield>
  <datafield tag="866" ind1="" ind2="">
   <subfield code="a">Available from 1998 volume: 383 issue: 1. </subfield>
   <subfield code="s">1000000000002533</subfield>
   <subfield code="t">1000000000001874</subfield>
   <subfield code="x">Canadian Research Knowledge Network Springer Link Current:Full Text</subfield>
   <subfield code="z">1000000000949645</subfield>
  </datafield>
 </record>