
 <record>
  <leader>-----nas-a2200000z--4500</leader>
  <controlfield tag="008">131125uuuuuuuuuxx-uu-|------u|----|eng-d</controlfield>
  <datafield tag="010" ind1="" ind2="">
   <subfield code="a">  2001229230</subfield>
  </datafield>
  <datafield tag="245" ind1="" ind2="0">
   <subfield code="a">Marine biotechnology</subfield>
  </datafield>
  <datafield tag="210" ind1="" ind2="">
   <subfield code="a">MAR BIOTECHNOL</subfield>
  </datafield>
  <datafield tag="210" ind1="" ind2="">
   <subfield code="a">MAR BIOTECHNOL (NY)</subfield>
  </datafield>
  <datafield tag="210" ind1="" ind2="">
   <subfield code="a">MAR BIOTECHNOL (N Y)</subfield>
  </datafield>
  <datafield tag="210" ind1="" ind2="">
   <subfield code="a">MAR BIOTECHNOL (N Y SPRINGER)</subfield>
  </datafield>
  <datafield tag="210" ind1="" ind2="">
   <subfield code="a">MAR. BIOTECHNOL</subfield>
  </datafield>
  <datafield tag="260" ind1="" ind2="">
   <subfield code="a">New York, NY</subfield>
   <subfield code="b">Springer-Verlag New York Inc.</subfield>
  </datafield>
  <datafield tag="022" ind1="" ind2="">
   <subfield code="a">1436-2228</subfield>
  </datafield>
  <datafield tag="776" ind1="" ind2="">
   <subfield code="x">1436-2236</subfield>
  </datafield>
  <datafield tag="090" ind1="" ind2="">
   <subfield code="a">954925624285</subfield>
  </datafield>
  <datafield tag="866" ind1="" ind2="">
   <subfield code="a">Available from 1999 volume: 1 issue: 1. </subfield>
   <subfield code="s">1000000000002533</subfield>
   <subfield code="t">1000000000001874</subfield>
   <subfield code="x">Canadian Research Knowledge Network Springer Link Current:Full Text</subfield>
   <subfield code="z">1000000000949675</subfield>
  </datafield>
 </record>