
 <record>
  <leader>-----nas-a2200000z--4500</leader>
  <controlfield tag="008">131125uuuuuuuuuxx-uu-|------u|----|eng-d</controlfield>
  <datafield tag="010" ind1="" ind2="">
   <subfield code="a">sn 99047468 </subfield>
  </datafield>
  <datafield tag="245" ind1="" ind2="0">
   <subfield code="a">Stochastic environmental research and risk assessment</subfield>
  </datafield>
  <datafield tag="210" ind1="" ind2="">
   <subfield code="a">STOCHASTIC ENVIRONMENTAL RESEARCH AND RISK ASSESSMENT SERRA</subfield>
  </datafield>
  <datafield tag="210" ind1="" ind2="">
   <subfield code="a">STOCH ENV RES RISK A</subfield>
  </datafield>
  <datafield tag="210" ind1="" ind2="">
   <subfield code="a">STOCH. ENVIRON. RES. RISK ASSESS</subfield>
  </datafield>
  <datafield tag="210" ind1="" ind2="">
   <subfield code="a">STOCHASTIC ENVIRONMENTAL RESEARCH &amp; RISK ASSESSMENT</subfield>
  </datafield>
  <datafield tag="210" ind1="" ind2="">
   <subfield code="a">STOCH ENVIRON RES RISK ASSESS</subfield>
  </datafield>
  <datafield tag="260" ind1="" ind2="">
   <subfield code="a">Berlin, Germany</subfield>
   <subfield code="b">Springer Verlag</subfield>
  </datafield>
  <datafield tag="022" ind1="" ind2="">
   <subfield code="a">1436-3240</subfield>
  </datafield>
  <datafield tag="776" ind1="" ind2="">
   <subfield code="x">1436-3259</subfield>
  </datafield>
  <datafield tag="090" ind1="" ind2="">
   <subfield code="a">954925624286</subfield>
  </datafield>
  <datafield tag="866" ind1="" ind2="">
   <subfield code="a">Available from 1987 volume: 1 issue: 1 until 1996. </subfield>
   <subfield code="s">1000000000002986</subfield>
   <subfield code="t">1000000000002296</subfield>
   <subfield code="x">Canadian Research Knowledge Network Springer Link Archive:Full Text</subfield>
   <subfield code="z">1000000001788652</subfield>
  </datafield>
  <datafield tag="866" ind1="" ind2="">
   <subfield code="a">Available from 1999 volume: 13 issue: 1. </subfield>
   <subfield code="s">1000000000002533</subfield>
   <subfield code="t">1000000000001874</subfield>
   <subfield code="x">Canadian Research Knowledge Network Springer Link Current:Full Text</subfield>
   <subfield code="z">1000000000949985</subfield>
  </datafield>
 </record>