
 <record>
  <leader>-----nas-a2200000z--4500</leader>
  <controlfield tag="008">131125uuuuuuuuuxx-uu-|------u|----|eng-d</controlfield>
  <datafield tag="010" ind1="" ind2="">
   <subfield code="a">  2007204723</subfield>
  </datafield>
  <datafield tag="245" ind1="" ind2="0">
   <subfield code="a">European food research and technology</subfield>
  </datafield>
  <datafield tag="210" ind1="" ind2="">
   <subfield code="a">EUROPEAN FOOD RESEARCH AND TECHNOLOGY A</subfield>
  </datafield>
  <datafield tag="210" ind1="" ind2="">
   <subfield code="a">EUROPEAN FOOD RESEARCH AND TECHNOLOGY ZEITSCHRIFT FUR LEBENSMITTEL UNTERSUCHUNG</subfield>
  </datafield>
  <datafield tag="210" ind1="" ind2="">
   <subfield code="a">EUR FOOD RES TECHNOL</subfield>
  </datafield>
  <datafield tag="210" ind1="" ind2="">
   <subfield code="a">EUROPEAN FOOD RESEARCH &amp; TECHNOLOGY</subfield>
  </datafield>
  <datafield tag="260" ind1="" ind2="">
   <subfield code="a">Berlin</subfield>
   <subfield code="b">Springer Berlin Heidelberg</subfield>
  </datafield>
  <datafield tag="022" ind1="" ind2="">
   <subfield code="a">1438-2377</subfield>
  </datafield>
  <datafield tag="776" ind1="" ind2="">
   <subfield code="x">1438-2385</subfield>
  </datafield>
  <datafield tag="090" ind1="" ind2="">
   <subfield code="a">954925624291</subfield>
  </datafield>
  <datafield tag="866" ind1="" ind2="">
   <subfield code="a">Available from 1999 volume: 209 issue: 1. </subfield>
   <subfield code="s">1000000000002533</subfield>
   <subfield code="t">1000000000001874</subfield>
   <subfield code="x">Canadian Research Knowledge Network Springer Link Current:Full Text</subfield>
   <subfield code="z">1000000000949191</subfield>
  </datafield>
 </record>