
 <record>
  <leader>-----nas-a2200000z--4500</leader>
  <controlfield tag="008">131125uuuuuuuuuxx-uu-|------u|----|eng-d</controlfield>
  <datafield tag="010" ind1="" ind2="">
   <subfield code="a">   64009382 </subfield>
  </datafield>
  <datafield tag="245" ind1="" ind2="0">
   <subfield code="a">Welding in the world</subfield>
  </datafield>
  <datafield tag="210" ind1="" ind2="">
   <subfield code="a">WELDING IN THE WORLD SOUDAGE DANS LE MONDE</subfield>
  </datafield>
  <datafield tag="210" ind1="" ind2="">
   <subfield code="a">WELD WORLD SOUDAGE MONDE</subfield>
  </datafield>
  <datafield tag="210" ind1="" ind2="">
   <subfield code="a">WELD WORLD</subfield>
  </datafield>
  <datafield tag="210" ind1="" ind2="">
   <subfield code="a">WELDING IN THE WORLD LE SOUDAGE DANS LE MONDE</subfield>
  </datafield>
  <datafield tag="260" ind1="" ind2="">
   <subfield code="a">Oxford,</subfield>
   <subfield code="b">Pergamon</subfield>
  </datafield>
  <datafield tag="022" ind1="" ind2="">
   <subfield code="a">0043-2288</subfield>
  </datafield>
  <datafield tag="776" ind1="" ind2="">
   <subfield code="x">1878-6669</subfield>
  </datafield>
  <datafield tag="090" ind1="" ind2="">
   <subfield code="a">954926226387</subfield>
  </datafield>
  <datafield tag="866" ind1="" ind2="">
   <subfield code="a">Available from 2002 volume: 46 issue: 1. </subfield>
   <subfield code="s">1000000000002533</subfield>
   <subfield code="t">1000000000001874</subfield>
   <subfield code="x">Canadian Research Knowledge Network Springer Link Current:Full Text</subfield>
   <subfield code="z">3360000000813189</subfield>
  </datafield>
 </record>