
 <record>
  <leader>-----nas-a2200000z--4500</leader>
  <controlfield tag="008">131125uuuuuuuuuxx-uu-|------u|----|fre-d</controlfield>
  <datafield tag="245" ind1="" ind2="0">
   <subfield code="a">Recherche, transports, sécurité</subfield>
  </datafield>
  <datafield tag="210" ind1="" ind2="">
   <subfield code="a">RECHERCHE TRANSPORTS SECURITE RTS</subfield>
  </datafield>
  <datafield tag="260" ind1="" ind2="">
   <subfield code="a">Arcueil [France]</subfield>
   <subfield code="b">Institut national de recherche sur les transports et leur sécurité</subfield>
  </datafield>
  <datafield tag="022" ind1="" ind2="">
   <subfield code="a">0761-8980</subfield>
  </datafield>
  <datafield tag="776" ind1="" ind2="">
   <subfield code="x">1951-6614</subfield>
  </datafield>
  <datafield tag="090" ind1="" ind2="">
   <subfield code="a">954926240457</subfield>
  </datafield>
  <datafield tag="866" ind1="" ind2="">
   <subfield code="a">Available from 2011 volume: 27 issue: 1. </subfield>
   <subfield code="s">1000000000002533</subfield>
   <subfield code="t">1000000000001874</subfield>
   <subfield code="x">Canadian Research Knowledge Network Springer Link Current:Full Text</subfield>
   <subfield code="z">3390000000100997</subfield>
  </datafield>
 </record>