
 <record>
  <leader>-----nas-a2200000z--4500</leader>
  <controlfield tag="008">131125uuuuuuuuuxx-uu-|------u|----|eng-d</controlfield>
  <datafield tag="010" ind1="" ind2="">
   <subfield code="a">sn 91033431 </subfield>
  </datafield>
  <datafield tag="245" ind1="" ind2="0">
   <subfield code="a">International journal of hematology</subfield>
  </datafield>
  <datafield tag="210" ind1="" ind2="">
   <subfield code="a">INT J HEMATOL</subfield>
  </datafield>
  <datafield tag="210" ind1="" ind2="">
   <subfield code="a">INT J HEMAT</subfield>
  </datafield>
  <datafield tag="260" ind1="" ind2="">
   <subfield code="a">Amsterdam</subfield>
   <subfield code="b">Springer Japan</subfield>
  </datafield>
  <datafield tag="022" ind1="" ind2="">
   <subfield code="a">0925-5710</subfield>
  </datafield>
  <datafield tag="776" ind1="" ind2="">
   <subfield code="x">1865-3774</subfield>
  </datafield>
  <datafield tag="090" ind1="" ind2="">
   <subfield code="a">954926242481</subfield>
  </datafield>
  <datafield tag="866" ind1="" ind2="">
   <subfield code="a">Available from 2001 volume: 73 issue: 1. </subfield>
   <subfield code="b">$obj-&gt;parsedDate("&gt;=",2001,73,1)</subfield>
   <subfield code="c">L</subfield>
   <subfield code="s">1000000000002533</subfield>
   <subfield code="t">1000000000001874</subfield>
   <subfield code="x">Canadian Research Knowledge Network Springer Link Current:Full Text</subfield>
   <subfield code="z">1000000000950212</subfield>
  </datafield>
 </record>