
 <record>
  <leader>-----nas-a2200000z--4500</leader>
  <controlfield tag="008">131125uuuuuuuuuxx-uu-|------u|----|ger-d</controlfield>
  <datafield tag="010" ind1="" ind2="">
   <subfield code="a">   97652193 </subfield>
  </datafield>
  <datafield tag="245" ind1="" ind2="0">
   <subfield code="a">Beiträge zur Algebra und Geometrie</subfield>
  </datafield>
  <datafield tag="210" ind1="" ind2="">
   <subfield code="a">BEITRAEGE ZUR ALGEBRA UND GEOMETRIE</subfield>
  </datafield>
  <datafield tag="210" ind1="" ind2="">
   <subfield code="a">BEITRAGE ALGEBRA GEOM</subfield>
  </datafield>
  <datafield tag="210" ind1="" ind2="">
   <subfield code="a">BEITRäGE ZUR ALGEBRA UND GEOMETRIE = CONTRIBUTIONS TO ALGEBRA AND GEOMETRY</subfield>
  </datafield>
  <datafield tag="260" ind1="" ind2="">
   <subfield code="a">Berlin</subfield>
   <subfield code="b">Deutscher Verlag der Wissenschaften</subfield>
  </datafield>
  <datafield tag="022" ind1="" ind2="">
   <subfield code="a">0138-4821</subfield>
  </datafield>
  <datafield tag="776" ind1="" ind2="">
   <subfield code="x">2191-0383</subfield>
  </datafield>
  <datafield tag="090" ind1="" ind2="">
   <subfield code="a">954926402632</subfield>
  </datafield>
  <datafield tag="866" ind1="" ind2="">
   <subfield code="a">Available from 2011 volume: 52 issue: 1. </subfield>
   <subfield code="s">1000000000002533</subfield>
   <subfield code="t">1000000000001874</subfield>
   <subfield code="x">Canadian Research Knowledge Network Springer Link Current:Full Text</subfield>
   <subfield code="z">3460000000011018</subfield>
  </datafield>
 </record>