
 <record>
  <leader>-----nas-a2200000z--4500</leader>
  <controlfield tag="008">131125uuuuuuuuuxx-uu-|------u|----|eng-d</controlfield>
  <datafield tag="010" ind1="" ind2="">
   <subfield code="a">sf 78000224 </subfield>
  </datafield>
  <datafield tag="245" ind1="" ind2="0">
   <subfield code="a">Mathematical notes of the Academy of Sciences of the USSR</subfield>
  </datafield>
  <datafield tag="210" ind1="" ind2="">
   <subfield code="a">MATH NOTES</subfield>
  </datafield>
  <datafield tag="210" ind1="" ind2="">
   <subfield code="a">MATHEMATICAL NOTES</subfield>
  </datafield>
  <datafield tag="210" ind1="" ind2="">
   <subfield code="a">MATH NOTES+</subfield>
  </datafield>
  <datafield tag="260" ind1="" ind2="">
   <subfield code="a">New York,</subfield>
   <subfield code="b">Consultants Bureau</subfield>
  </datafield>
  <datafield tag="022" ind1="" ind2="">
   <subfield code="a">0001-4346</subfield>
  </datafield>
  <datafield tag="776" ind1="" ind2="">
   <subfield code="x">1573-8876</subfield>
  </datafield>
  <datafield tag="090" ind1="" ind2="">
   <subfield code="a">954926935675</subfield>
  </datafield>
  <datafield tag="866" ind1="" ind2="">
   <subfield code="a">Available from 1967 volume: 1 issue: 1 until 1991. </subfield>
   <subfield code="b">$obj-&gt;parsedDate('&gt;=','1967','1','1') &amp;&amp; $obj-&gt;parsedDate('&lt;=','1991','undef','undef')</subfield>
   <subfield code="c">L</subfield>
   <subfield code="s">1000000000002986</subfield>
   <subfield code="t">1000000000002296</subfield>
   <subfield code="x">Canadian Research Knowledge Network Springer Link Archive:Full Text</subfield>
   <subfield code="z">1000000001789235</subfield>
  </datafield>
 </record>