
 <record>
  <leader>-----nas-a2200000z--4500</leader>
  <controlfield tag="008">131125uuuuuuuuuxx-uu-|------u|----|spa-d</controlfield>
  <datafield tag="245" ind1="" ind2="0">
   <subfield code="a">Algebra universalis</subfield>
  </datafield>
  <datafield tag="210" ind1="" ind2="">
   <subfield code="a">ALGEBR UNIVERSALIS</subfield>
  </datafield>
  <datafield tag="210" ind1="" ind2="">
   <subfield code="a">ALGEBRA UNIV</subfield>
  </datafield>
  <datafield tag="210" ind1="" ind2="">
   <subfield code="a">ALGEBR UNIV</subfield>
  </datafield>
  <datafield tag="260" ind1="" ind2="">
   <subfield code="a">Basel</subfield>
   <subfield code="b">Birkha.user Verlag</subfield>
  </datafield>
  <datafield tag="022" ind1="" ind2="">
   <subfield code="a">0002-5240</subfield>
  </datafield>
  <datafield tag="776" ind1="" ind2="">
   <subfield code="x">1420-8911</subfield>
  </datafield>
  <datafield tag="090" ind1="" ind2="">
   <subfield code="a">954926936680</subfield>
  </datafield>
  <datafield tag="866" ind1="" ind2="">
   <subfield code="a">Available from 1971 volume: 1 issue: 1 until 1996 volume: 36 issue: 4. </subfield>
   <subfield code="s">1000000000002986</subfield>
   <subfield code="t">1000000000002296</subfield>
   <subfield code="x">Canadian Research Knowledge Network Springer Link Archive:Full Text</subfield>
   <subfield code="z">1000000001789283</subfield>
  </datafield>
  <datafield tag="866" ind1="" ind2="">
   <subfield code="a">Available from 1997 volume: 37 issue: 1. </subfield>
   <subfield code="s">1000000000002533</subfield>
   <subfield code="t">1000000000001874</subfield>
   <subfield code="x">Canadian Research Knowledge Network Springer Link Current:Full Text</subfield>
   <subfield code="z">1000000000948863</subfield>
  </datafield>
 </record>