
 <record>
  <leader>-----nas-a2200000z--4500</leader>
  <controlfield tag="008">131125uuuuuuuuuxx-uu-|------u|----|eng-d</controlfield>
  <datafield tag="010" ind1="" ind2="">
   <subfield code="a">   76648536 </subfield>
  </datafield>
  <datafield tag="245" ind1="" ind2="0">
   <subfield code="a">Czechoslovak Mathematical Journal</subfield>
  </datafield>
  <datafield tag="210" ind1="" ind2="">
   <subfield code="a">CZECH MATH J</subfield>
  </datafield>
  <datafield tag="210" ind1="" ind2="">
   <subfield code="a">CZEC MATH J</subfield>
  </datafield>
  <datafield tag="210" ind1="" ind2="">
   <subfield code="a">CZECHOSLOVAK MATH. J</subfield>
  </datafield>
  <datafield tag="260" ind1="" ind2="">
   <subfield code="a">Praha,</subfield>
   <subfield code="b">Mathematical Institute, Academy of Sciences of the Czech Republic [etc.]</subfield>
  </datafield>
  <datafield tag="022" ind1="" ind2="">
   <subfield code="a">0011-4642</subfield>
  </datafield>
  <datafield tag="776" ind1="" ind2="">
   <subfield code="x">1572-9141</subfield>
  </datafield>
  <datafield tag="090" ind1="" ind2="">
   <subfield code="a">954926941723</subfield>
  </datafield>
  <datafield tag="866" ind1="" ind2="">
   <subfield code="a">Available from 1997 volume: 47 issue: 1. </subfield>
   <subfield code="s">1000000000002533</subfield>
   <subfield code="t">1000000000001874</subfield>
   <subfield code="x">Canadian Research Knowledge Network Springer Link Current:Full Text</subfield>
   <subfield code="z">1000000000949097</subfield>
  </datafield>
 </record>