
 <record>
  <leader>-----nas-a2200000z--4500</leader>
  <controlfield tag="008">131125uuuuuuuuuxx-uu-|------u|----|eng-d</controlfield>
  <datafield tag="245" ind1="" ind2="0">
   <subfield code="a">Zeitschrift für Ernährungswissenschaft</subfield>
  </datafield>
  <datafield tag="210" ind1="" ind2="">
   <subfield code="a">Z ERNAHRUNGSWISS</subfield>
  </datafield>
  <datafield tag="210" ind1="" ind2="">
   <subfield code="a">Z ERNAHRUNG</subfield>
  </datafield>
  <datafield tag="260" ind1="" ind2="">
   <subfield code="a">Darmstadt,</subfield>
   <subfield code="b">D. Steinkopff.</subfield>
  </datafield>
  <datafield tag="022" ind1="" ind2="">
   <subfield code="a">0044-264X</subfield>
  </datafield>
  <datafield tag="090" ind1="" ind2="">
   <subfield code="a">954926954823</subfield>
  </datafield>
  <datafield tag="866" ind1="" ind2="">
   <subfield code="a">Available from 1960 volume: 1 issue: 1 until 1996. </subfield>
   <subfield code="s">1000000000002986</subfield>
   <subfield code="t">1000000000002296</subfield>
   <subfield code="x">Canadian Research Knowledge Network Springer Link Archive:Full Text</subfield>
   <subfield code="z">1000000001789404</subfield>
  </datafield>
  <datafield tag="866" ind1="" ind2="">
   <subfield code="a">Available from 1997 volume: 36 issue: 1 until 1998 volume: 37 issue: 4. </subfield>
   <subfield code="s">1000000000002533</subfield>
   <subfield code="t">1000000000001874</subfield>
   <subfield code="x">Canadian Research Knowledge Network Springer Link Current:Full Text</subfield>
   <subfield code="z">2590000000002446</subfield>
  </datafield>
 </record>