
 <record>
  <leader>-----nas-a2200000z--4500</leader>
  <controlfield tag="008">131125uuuuuuuuuxx-uu-|------u|----|eng-d</controlfield>
  <datafield tag="245" ind1="" ind2="0">
   <subfield code="a">Fertilizer research</subfield>
  </datafield>
  <datafield tag="210" ind1="" ind2="">
   <subfield code="a">FERTIL RES</subfield>
  </datafield>
  <datafield tag="210" ind1="" ind2="">
   <subfield code="a">FERT RES</subfield>
  </datafield>
  <datafield tag="260" ind1="" ind2="">
   <subfield code="a">Dordrecht,</subfield>
   <subfield code="b">Kluwer Academic Publishers [etc.]</subfield>
  </datafield>
  <datafield tag="022" ind1="" ind2="">
   <subfield code="a">0167-1731</subfield>
  </datafield>
  <datafield tag="090" ind1="" ind2="">
   <subfield code="a">954926964941</subfield>
  </datafield>
  <datafield tag="866" ind1="" ind2="">
   <subfield code="a">Available from 1980 volume: 1 issue: 1 until 1995 volume: 45 issue: 3. </subfield>
   <subfield code="b">$obj-&gt;parsedDate('&gt;=','1980','1',1) &amp;&amp; $obj-&gt;parsedDate('&lt;=','1995','45',3)</subfield>
   <subfield code="c">G</subfield>
   <subfield code="s">1000000000002986</subfield>
   <subfield code="t">1000000000002296</subfield>
   <subfield code="x">Canadian Research Knowledge Network Springer Link Archive:Full Text</subfield>
   <subfield code="z">10920000000044507</subfield>
  </datafield>
 </record>