
 <record>
  <leader>-----nas-a2200000z--4500</leader>
  <controlfield tag="008">131125uuuuuuuuuxx-uu-|------u|----|rus-d</controlfield>
  <datafield tag="245" ind1="" ind2="0">
   <subfield code="a">Order</subfield>
  </datafield>
  <datafield tag="210" ind1="" ind2="">
   <subfield code="a">ORDER JOURNAL ON THE THEORY OF ORDERED SETS AND ITS APPLICATIONS</subfield>
  </datafield>
  <datafield tag="210" ind1="" ind2="">
   <subfield code="a">ORDER J THEORY ORDERED SETS APPL</subfield>
  </datafield>
  <datafield tag="210" ind1="" ind2="">
   <subfield code="a">ORDER A JOURNAL ON THE THEORY OF ORDERED SETS</subfield>
  </datafield>
  <datafield tag="210" ind1="" ind2="">
   <subfield code="a">ORDER A JOURNAL ON THE THEORY OF ORDERED SETS AND ITS APPLICATIONS</subfield>
  </datafield>
  <datafield tag="210" ind1="" ind2="">
   <subfield code="a">Order (Russia)</subfield>
  </datafield>
  <datafield tag="260" ind1="" ind2="">
   <subfield code="a">Dordrecht, Holland</subfield>
   <subfield code="b">D. Reidel</subfield>
  </datafield>
  <datafield tag="022" ind1="" ind2="">
   <subfield code="a">0167-8094</subfield>
  </datafield>
  <datafield tag="776" ind1="" ind2="">
   <subfield code="x">1572-9273</subfield>
  </datafield>
  <datafield tag="090" ind1="" ind2="">
   <subfield code="a">954926964945</subfield>
  </datafield>
  <datafield tag="866" ind1="" ind2="">
   <subfield code="a">Available from 1984 volume: 1 issue: 1 until 1996. </subfield>
   <subfield code="s">1000000000002986</subfield>
   <subfield code="t">1000000000002296</subfield>
   <subfield code="x">Canadian Research Knowledge Network Springer Link Archive:Full Text</subfield>
   <subfield code="z">1000000001789197</subfield>
  </datafield>
  <datafield tag="866" ind1="" ind2="">
   <subfield code="a">Available from 1997 volume: 14 issue: 1. </subfield>
   <subfield code="s">1000000000002533</subfield>
   <subfield code="t">1000000000001874</subfield>
   <subfield code="x">Canadian Research Knowledge Network Springer Link Current:Full Text</subfield>
   <subfield code="z">1000000000949796</subfield>
  </datafield>
 </record>