
 <record>
  <leader>-----nas-a2200000z--4500</leader>
  <controlfield tag="008">131125uuuuuuuuuxx-uu-|------u|----|eng-d</controlfield>
  <datafield tag="010" ind1="" ind2="">
   <subfield code="a">   83646315 </subfield>
  </datafield>
  <datafield tag="245" ind1="" ind2="0">
   <subfield code="a">Acta mathematica Hungarica</subfield>
  </datafield>
  <datafield tag="210" ind1="" ind2="">
   <subfield code="a">ACTA MATH HUNG</subfield>
  </datafield>
  <datafield tag="210" ind1="" ind2="">
   <subfield code="a">ACT MATH HU</subfield>
  </datafield>
  <datafield tag="210" ind1="" ind2="">
   <subfield code="a">ACTA MATH. HUNGAR</subfield>
  </datafield>
  <datafield tag="260" ind1="" ind2="">
   <subfield code="a">Budapest</subfield>
   <subfield code="b">Akademiai Kiado</subfield>
  </datafield>
  <datafield tag="022" ind1="" ind2="">
   <subfield code="a">0236-5294</subfield>
  </datafield>
  <datafield tag="776" ind1="" ind2="">
   <subfield code="x">1588-2632</subfield>
  </datafield>
  <datafield tag="090" ind1="" ind2="">
   <subfield code="a">954926968975</subfield>
  </datafield>
  <datafield tag="866" ind1="" ind2="">
   <subfield code="a">Available from 1950 volume: 1 issue: 1 until 1996. </subfield>
   <subfield code="s">1000000000002986</subfield>
   <subfield code="t">1000000000002296</subfield>
   <subfield code="x">Canadian Research Knowledge Network Springer Link Archive:Full Text</subfield>
   <subfield code="z">1000000001789305</subfield>
  </datafield>
  <datafield tag="866" ind1="" ind2="">
   <subfield code="a">Available from 1997 volume: 74 issue: 1. </subfield>
   <subfield code="s">1000000000002533</subfield>
   <subfield code="t">1000000000001874</subfield>
   <subfield code="x">Canadian Research Knowledge Network Springer Link Current:Full Text</subfield>
   <subfield code="z">1000000000948837</subfield>
  </datafield>
 </record>