
 <record>
  <leader>-----nas-a2200000z--4500</leader>
  <controlfield tag="008">131125uuuuuuuuuxx-uu-|------u|----|eng-d</controlfield>
  <datafield tag="010" ind1="" ind2="">
   <subfield code="a">   98652762 </subfield>
  </datafield>
  <datafield tag="245" ind1="" ind2="">
   <subfield code="a">Zeitschrift für Physik. B, Condensed matter</subfield>
  </datafield>
  <datafield tag="210" ind1="" ind2="">
   <subfield code="a">Z PHYS B CONDENS MAT</subfield>
  </datafield>
  <datafield tag="210" ind1="" ind2="">
   <subfield code="a">Z PHYS B</subfield>
  </datafield>
  <datafield tag="210" ind1="" ind2="">
   <subfield code="a">Z PHYS B CONDENS MATTER</subfield>
  </datafield>
  <datafield tag="210" ind1="" ind2="">
   <subfield code="a">Z PHYS B CON MAT</subfield>
  </datafield>
  <datafield tag="260" ind1="" ind2="">
   <subfield code="a">Berlin</subfield>
   <subfield code="b">Springer</subfield>
  </datafield>
  <datafield tag="022" ind1="" ind2="">
   <subfield code="a">0722-3277</subfield>
  </datafield>
  <datafield tag="776" ind1="" ind2="">
   <subfield code="x">1431-584X</subfield>
  </datafield>
  <datafield tag="090" ind1="" ind2="">
   <subfield code="a">954926979062</subfield>
  </datafield>
  <datafield tag="866" ind1="" ind2="">
   <subfield code="a">Available from 1962 volume: 1 issue: 1 until 1996. </subfield>
   <subfield code="s">1000000000002986</subfield>
   <subfield code="t">1000000000002296</subfield>
   <subfield code="x">Canadian Research Knowledge Network Springer Link Archive:Full Text</subfield>
   <subfield code="z">1000000001789407</subfield>
  </datafield>
  <datafield tag="866" ind1="" ind2="">
   <subfield code="a">Available from 1996 volume: 102 issue: 1 until 1997 volume: 104 issue: 4. </subfield>
   <subfield code="s">1000000000002533</subfield>
   <subfield code="t">1000000000001874</subfield>
   <subfield code="x">Canadian Research Knowledge Network Springer Link Current:Full Text</subfield>
   <subfield code="z">2590000000002466</subfield>
  </datafield>
 </record>