
 <record>
  <leader>-----nas-a2200000z--4500</leader>
  <controlfield tag="008">131125uuuuuuuuuxx-uu-|------u|----|eng-d</controlfield>
  <datafield tag="010" ind1="" ind2="">
   <subfield code="a">  2011242047</subfield>
  </datafield>
  <datafield tag="245" ind1="" ind2="0">
   <subfield code="a">Japanese journal of human genetics</subfield>
  </datafield>
  <datafield tag="210" ind1="" ind2="">
   <subfield code="a">JPN J HUM GENET</subfield>
  </datafield>
  <datafield tag="210" ind1="" ind2="">
   <subfield code="a">JPN J HUM G</subfield>
  </datafield>
  <datafield tag="210" ind1="" ind2="">
   <subfield code="a">JAPANESE JOURNAL OF HUMAN GENETICS</subfield>
  </datafield>
  <datafield tag="210" ind1="" ind2="">
   <subfield code="a">JAPANESE JOURNAL OF GENETICS</subfield>
  </datafield>
  <datafield tag="260" ind1="" ind2="">
   <subfield code="a">Tokyo</subfield>
   <subfield code="b">Japan Society of Human Genetics</subfield>
  </datafield>
  <datafield tag="022" ind1="" ind2="">
   <subfield code="a">0916-8478</subfield>
  </datafield>
  <datafield tag="090" ind1="" ind2="">
   <subfield code="a">954926986106</subfield>
  </datafield>
  <datafield tag="866" ind1="" ind2="">
   <subfield code="a">Available from 1992 until 1996. </subfield>
   <subfield code="b">$obj-&gt;parsedDate('&gt;=','1992',undef,undef) &amp;&amp; $obj-&gt;parsedDate('&lt;=','1996',undef,undef)</subfield>
   <subfield code="c">G</subfield>
   <subfield code="s">1000000000002986</subfield>
   <subfield code="t">1000000000002296</subfield>
   <subfield code="x">Canadian Research Knowledge Network Springer Link Archive:Full Text</subfield>
   <subfield code="z">10920000000044641</subfield>
  </datafield>
  <datafield tag="866" ind1="" ind2="">
   <subfield code="a">Available from 1997 volume: 42 issue: 1 until 1997 volume: 42 issue: 4. </subfield>
   <subfield code="b">$obj-&gt;parsedDate('&gt;=','1997',42,1) &amp;&amp; $obj-&gt;parsedDate('&lt;=','1997',42,4)</subfield>
   <subfield code="c">G</subfield>
   <subfield code="s">1000000000002533</subfield>
   <subfield code="t">1000000000001874</subfield>
   <subfield code="x">Canadian Research Knowledge Network Springer Link Current:Full Text</subfield>
   <subfield code="z">10920000000044640</subfield>
  </datafield>
 </record>