
 <record>
  <leader>-----nas-a2200000z--4500</leader>
  <controlfield tag="008">131125uuuuuuuuuxx-uu-|------u|----|eng-d</controlfield>
  <datafield tag="010" ind1="" ind2="">
   <subfield code="a">   93648953 </subfield>
  </datafield>
  <datafield tag="245" ind1="" ind2="0">
   <subfield code="a">Formal methods in system design</subfield>
  </datafield>
  <datafield tag="210" ind1="" ind2="">
   <subfield code="a">FORM METHODS SYST DES</subfield>
  </datafield>
  <datafield tag="210" ind1="" ind2="">
   <subfield code="a">FORM METHOD SYST DES</subfield>
  </datafield>
  <datafield tag="210" ind1="" ind2="">
   <subfield code="a">FORM METH S</subfield>
  </datafield>
  <datafield tag="210" ind1="" ind2="">
   <subfield code="a">FORMAL METHODS SYST DES</subfield>
  </datafield>
  <datafield tag="210" ind1="" ind2="">
   <subfield code="a">FORMAL METHODS IN SYSTEM DESIGN AN INTERNATIONAL JOURNAL</subfield>
  </datafield>
  <datafield tag="260" ind1="" ind2="">
   <subfield code="a">Netherlands</subfield>
   <subfield code="b">Kluwer Academic Publishers</subfield>
  </datafield>
  <datafield tag="022" ind1="" ind2="">
   <subfield code="a">0925-9856</subfield>
  </datafield>
  <datafield tag="776" ind1="" ind2="">
   <subfield code="x">1572-8102</subfield>
  </datafield>
  <datafield tag="090" ind1="" ind2="">
   <subfield code="a">954926987115</subfield>
  </datafield>
  <datafield tag="866" ind1="" ind2="">
   <subfield code="a">Available from 1992 volume: 1 issue: 1 until 1996. </subfield>
   <subfield code="s">1000000000002986</subfield>
   <subfield code="t">1000000000002296</subfield>
   <subfield code="x">Canadian Research Knowledge Network Springer Link Archive:Full Text</subfield>
   <subfield code="z">1000000001788665</subfield>
  </datafield>
  <datafield tag="866" ind1="" ind2="">
   <subfield code="a">Available from 1997 volume: 10 issue: 1. </subfield>
   <subfield code="s">1000000000002533</subfield>
   <subfield code="t">1000000000001874</subfield>
   <subfield code="x">Canadian Research Knowledge Network Springer Link Current:Full Text</subfield>
   <subfield code="z">1000000000949238</subfield>
  </datafield>
 </record>