
 <record>
  <leader>-----nas-a2200000z--4500</leader>
  <controlfield tag="008">131125uuuuuuuuuxx-uu-|------u|----|eng-d</controlfield>
  <datafield tag="010" ind1="" ind2="">
   <subfield code="a">   92648941 </subfield>
  </datafield>
  <datafield tag="245" ind1="" ind2="0">
   <subfield code="a">Molecular marine biology and biotechnology</subfield>
  </datafield>
  <datafield tag="210" ind1="" ind2="">
   <subfield code="a">MOL MAR BIOL BIOTECHNOL</subfield>
  </datafield>
  <datafield tag="210" ind1="" ind2="">
   <subfield code="a">MOLEC MAR BIOL BIOTECHNOL</subfield>
  </datafield>
  <datafield tag="210" ind1="" ind2="">
   <subfield code="a">MOL MAR BIOL BIOTECH</subfield>
  </datafield>
  <datafield tag="210" ind1="" ind2="">
   <subfield code="a">MOL MAR BIO</subfield>
  </datafield>
  <datafield tag="210" ind1="" ind2="">
   <subfield code="a">MOL. MARINE BIOL. BIOTECHNOL</subfield>
  </datafield>
  <datafield tag="260" ind1="" ind2="">
   <subfield code="a">Cambridge, MA</subfield>
   <subfield code="b">Blackwell Scientific</subfield>
  </datafield>
  <datafield tag="022" ind1="" ind2="">
   <subfield code="a">1053-6426</subfield>
  </datafield>
  <datafield tag="776" ind1="" ind2="">
   <subfield code="x">1435-0637</subfield>
  </datafield>
  <datafield tag="090" ind1="" ind2="">
   <subfield code="a">954926997200</subfield>
  </datafield>
  <datafield tag="866" ind1="" ind2="">
   <subfield code="a">Available from 1998 volume: 7 issue: 1 until 1998 volume: 7 issue: 4. </subfield>
   <subfield code="s">1000000000002533</subfield>
   <subfield code="t">1000000000001874</subfield>
   <subfield code="x">Canadian Research Knowledge Network Springer Link Current:Full Text</subfield>
   <subfield code="z">2590000000002488</subfield>
  </datafield>
 </record>