
 <record>
  <leader>-----nas-a2200000z--4500</leader>
  <controlfield tag="008">131125uuuuuuuuuxx-uu-|------u|----|eng-d</controlfield>
  <datafield tag="010" ind1="" ind2="">
   <subfield code="a">  2004233563</subfield>
  </datafield>
  <datafield tag="245" ind1="" ind2="">
   <subfield code="a">Zeitschrift für Lebensmittel-Untersuchung und -Forschung. A, Food research and technology</subfield>
  </datafield>
  <datafield tag="210" ind1="" ind2="">
   <subfield code="a">ZEITSCHRIFT FUR LEBENSMITTEL UNTERSUCHUNG UND FORSCHUNG A FOOD RESEARCH AND</subfield>
  </datafield>
  <datafield tag="210" ind1="" ind2="">
   <subfield code="a">Z LEBENSM UNTERS FORSCH A FOOD RES TECHNOL</subfield>
  </datafield>
  <datafield tag="210" ind1="" ind2="">
   <subfield code="a">Z LEBENSM UNTERS FORSCH A FOO</subfield>
  </datafield>
  <datafield tag="210" ind1="" ind2="">
   <subfield code="a">Z LEBENSM UNTERS F A</subfield>
  </datafield>
  <datafield tag="210" ind1="" ind2="">
   <subfield code="a">Z LEBENSM U</subfield>
  </datafield>
  <datafield tag="210" ind1="" ind2="">
   <subfield code="a">ZEITSCHRIFT FUR LEBENSMITTEL UNTERSUCHUNG UND FORSCHUNG A FOOD RESEARCH AND TE</subfield>
  </datafield>
  <datafield tag="210" ind1="" ind2="">
   <subfield code="a">Z. LEBENSM.-UNTERS. -FORSCH., A FOOD RES. TECHNOL. (PRINT)</subfield>
  </datafield>
  <datafield tag="210" ind1="" ind2="">
   <subfield code="a">ZEITSCHRIFT FÜR LEBENSMITTEL-UNTERSUCHUNG UND -FORSCHUNG. A, FOOD RESEARCH &amp; TECHNOLOGY</subfield>
  </datafield>
  <datafield tag="260" ind1="" ind2="">
   <subfield code="a">Berlin</subfield>
   <subfield code="b">Springer-Verlag</subfield>
  </datafield>
  <datafield tag="022" ind1="" ind2="">
   <subfield code="a">1431-4630</subfield>
  </datafield>
  <datafield tag="776" ind1="" ind2="">
   <subfield code="x">1432-2331</subfield>
  </datafield>
  <datafield tag="090" ind1="" ind2="">
   <subfield code="a">954927003248</subfield>
  </datafield>
  <datafield tag="866" ind1="" ind2="">
   <subfield code="a">Available from 1898 volume: 1 issue: 1 until 1996. </subfield>
   <subfield code="s">1000000000002986</subfield>
   <subfield code="t">1000000000002296</subfield>
   <subfield code="x">Canadian Research Knowledge Network Springer Link Archive:Full Text</subfield>
   <subfield code="z">1000000001789401</subfield>
  </datafield>
  <datafield tag="866" ind1="" ind2="">
   <subfield code="a">Available from 1997 volume: 204 issue: 1 until 1998 volume: 208 issue: 6. </subfield>
   <subfield code="s">1000000000002533</subfield>
   <subfield code="t">1000000000001874</subfield>
   <subfield code="x">Canadian Research Knowledge Network Springer Link Current:Full Text</subfield>
   <subfield code="z">2590000000002508</subfield>
  </datafield>
 </record>