
 <record>
  <leader>-----nas-a2200000z--4500</leader>
  <controlfield tag="008">131125uuuuuuuuuxx-uu-|------u|----|eng-d</controlfield>
  <datafield tag="010" ind1="" ind2="">
   <subfield code="a">  2001262362</subfield>
  </datafield>
  <datafield tag="245" ind1="" ind2="0">
   <subfield code="a">Artificial intelligence and law</subfield>
  </datafield>
  <datafield tag="210" ind1="" ind2="">
   <subfield code="a">ARTIFICIAL INTELLIGENCE AND LAW AN INTERNATIONAL JOURNAL</subfield>
  </datafield>
  <datafield tag="210" ind1="" ind2="">
   <subfield code="a">ARTIF INTELL LAW</subfield>
  </datafield>
  <datafield tag="210" ind1="" ind2="">
   <subfield code="a">ARTIFICIAL INTELLIGENCE &amp; LAW</subfield>
  </datafield>
  <datafield tag="260" ind1="" ind2="">
   <subfield code="a">Dordrecht, the Netherlands</subfield>
   <subfield code="b">Kluwer Academic Publishers</subfield>
  </datafield>
  <datafield tag="022" ind1="" ind2="">
   <subfield code="a">0924-8463</subfield>
  </datafield>
  <datafield tag="776" ind1="" ind2="">
   <subfield code="x">1572-8382</subfield>
  </datafield>
  <datafield tag="090" ind1="" ind2="">
   <subfield code="a">954927381285</subfield>
  </datafield>
  <datafield tag="866" ind1="" ind2="">
   <subfield code="a">Available from 1992 volume: 1 issue: 1 until 1996. </subfield>
   <subfield code="s">1000000000002986</subfield>
   <subfield code="t">1000000000002296</subfield>
   <subfield code="x">Canadian Research Knowledge Network Springer Link Archive:Full Text</subfield>
   <subfield code="z">1000000001789097</subfield>
  </datafield>
  <datafield tag="866" ind1="" ind2="">
   <subfield code="a">Available from 1997 volume: 5 issue: 1. </subfield>
   <subfield code="s">1000000000002533</subfield>
   <subfield code="t">1000000000001874</subfield>
   <subfield code="x">Canadian Research Knowledge Network Springer Link Current:Full Text</subfield>
   <subfield code="z">1000000000948932</subfield>
  </datafield>
 </record>