
 <record>
  <leader>-----nas-a2200000z--4500</leader>
  <controlfield tag="008">131125uuuuuuuuuxx-uu-|------u|----|eng-d</controlfield>
  <datafield tag="010" ind1="" ind2="">
   <subfield code="a">  2004233268</subfield>
  </datafield>
  <datafield tag="245" ind1="" ind2="0">
   <subfield code="a">Computer supported cooperative work</subfield>
  </datafield>
  <datafield tag="210" ind1="" ind2="">
   <subfield code="a">COMPUTER SUPPORTED COOPERATIVE WORK CSCW</subfield>
  </datafield>
  <datafield tag="210" ind1="" ind2="">
   <subfield code="a">COMPUTER SUPPORTED COOPERATIVE WORK CSCW AN INTERNATIONAL JOURNAL</subfield>
  </datafield>
  <datafield tag="210" ind1="" ind2="">
   <subfield code="a">COMPUT SUPPORTED COOP WORK CSCW INT J</subfield>
  </datafield>
  <datafield tag="210" ind1="" ind2="">
   <subfield code="a">COMPUTER SUPPORTED COOPERATIVE WORK THE JOURNAL OF COLLABORATIVE COMPUTING</subfield>
  </datafield>
  <datafield tag="210" ind1="" ind2="">
   <subfield code="a">COMPUT SUPPORT COOP WORK</subfield>
  </datafield>
  <datafield tag="210" ind1="" ind2="">
   <subfield code="a">COMPUTER SUPPORTED COOPERATIVE WORK</subfield>
  </datafield>
  <datafield tag="210" ind1="" ind2="">
   <subfield code="a">COMPUT SUPP COOP W J</subfield>
  </datafield>
  <datafield tag="260" ind1="" ind2="">
   <subfield code="a">Dordrecht</subfield>
   <subfield code="b">Kluwer Academic Publishers</subfield>
  </datafield>
  <datafield tag="022" ind1="" ind2="">
   <subfield code="a">0925-9724</subfield>
  </datafield>
  <datafield tag="776" ind1="" ind2="">
   <subfield code="x">1573-7551</subfield>
  </datafield>
  <datafield tag="090" ind1="" ind2="">
   <subfield code="a">954927382293</subfield>
  </datafield>
  <datafield tag="866" ind1="" ind2="">
   <subfield code="a">Available from 1992 volume: 1 issue: 1 until 1996. </subfield>
   <subfield code="s">1000000000002986</subfield>
   <subfield code="t">1000000000002296</subfield>
   <subfield code="x">Canadian Research Knowledge Network Springer Link Archive:Full Text</subfield>
   <subfield code="z">1000000001788871</subfield>
  </datafield>
  <datafield tag="866" ind1="" ind2="">
   <subfield code="a">Available from 1997 volume: 6 issue: 1. </subfield>
   <subfield code="s">1000000000002533</subfield>
   <subfield code="t">1000000000001874</subfield>
   <subfield code="x">Canadian Research Knowledge Network Springer Link Current:Full Text</subfield>
   <subfield code="z">1000000000949074</subfield>
  </datafield>
 </record>