
 <record>
  <leader>-----nas-a2200000z--4500</leader>
  <controlfield tag="008">131125uuuuuuuuuxx-uu-|------u|----|eng-d</controlfield>
  <datafield tag="010" ind1="" ind2="">
   <subfield code="a">   95647205 </subfield>
  </datafield>
  <datafield tag="245" ind1="" ind2="0">
   <subfield code="a">Reliable computing</subfield>
  </datafield>
  <datafield tag="210" ind1="" ind2="">
   <subfield code="a">RELIAB. COMPUT</subfield>
  </datafield>
  <datafield tag="260" ind1="" ind2="">
   <subfield code="a">St. Petersburg</subfield>
   <subfield code="b">Institute of New Technologies in Education</subfield>
  </datafield>
  <datafield tag="022" ind1="" ind2="">
   <subfield code="a">1385-3139</subfield>
  </datafield>
  <datafield tag="776" ind1="" ind2="">
   <subfield code="x">1573-1340</subfield>
  </datafield>
  <datafield tag="090" ind1="" ind2="">
   <subfield code="a">954927385357</subfield>
  </datafield>
  <datafield tag="866" ind1="" ind2="">
   <subfield code="a">Available from 1995 volume: 1 issue: 1 until 1996. </subfield>
   <subfield code="s">1000000000002986</subfield>
   <subfield code="t">1000000000002296</subfield>
   <subfield code="x">Canadian Research Knowledge Network Springer Link Archive:Full Text</subfield>
   <subfield code="z">1000000001789225</subfield>
  </datafield>
 </record>