
 <record>
  <leader>-----nas-a2200000z--4500</leader>
  <controlfield tag="008">131125uuuuuuuuuxx-uu-|------u|----|eng-d</controlfield>
  <datafield tag="245" ind1="" ind2="0">
   <subfield code="a">Algebras and representation theory</subfield>
  </datafield>
  <datafield tag="210" ind1="" ind2="">
   <subfield code="a">ALGEBR. REPRESENT. THEORY</subfield>
  </datafield>
  <datafield tag="210" ind1="" ind2="">
   <subfield code="a">ALGEBRAS &amp; REPRESENTATION THEORY</subfield>
  </datafield>
  <datafield tag="210" ind1="" ind2="">
   <subfield code="a">ALGEBR REPRESENT TH</subfield>
  </datafield>
  <datafield tag="260" ind1="" ind2="">
   <subfield code="a">Dordrecht</subfield>
   <subfield code="b">Kluwer Academic Publishers</subfield>
  </datafield>
  <datafield tag="022" ind1="" ind2="">
   <subfield code="a">1386-923X</subfield>
  </datafield>
  <datafield tag="776" ind1="" ind2="">
   <subfield code="x">1572-9079</subfield>
  </datafield>
  <datafield tag="090" ind1="" ind2="">
   <subfield code="a">954927386373</subfield>
  </datafield>
  <datafield tag="866" ind1="" ind2="">
   <subfield code="a">Available from 1998 volume: 1 issue: 1. </subfield>
   <subfield code="s">1000000000002533</subfield>
   <subfield code="t">1000000000001874</subfield>
   <subfield code="x">Canadian Research Knowledge Network Springer Link Current:Full Text</subfield>
   <subfield code="z">1000000000948864</subfield>
  </datafield>
 </record>