
 <record>
  <leader>-----nas-a2200000z--4500</leader>
  <controlfield tag="008">131125uuuuuuuuuxx-uu-|------u|----|eng-d</controlfield>
  <datafield tag="245" ind1="" ind2="">
   <subfield code="a">Archiv für Orthopädische und Unfall-Chirurgie</subfield>
  </datafield>
  <datafield tag="210" ind1="" ind2="">
   <subfield code="a">ARCH ORTHOP UNFALLCHIR</subfield>
  </datafield>
  <datafield tag="260" ind1="" ind2="">
   <subfield code="a">München [etc.]</subfield>
   <subfield code="b">J.F. Bergmann [etc.]</subfield>
  </datafield>
  <datafield tag="022" ind1="" ind2="">
   <subfield code="a">0003-9330</subfield>
  </datafield>
  <datafield tag="090" ind1="" ind2="">
   <subfield code="a">954927520614</subfield>
  </datafield>
  <datafield tag="866" ind1="" ind2="">
   <subfield code="a">Available from 1918 until 1977. </subfield>
   <subfield code="b">$obj-&gt;parsedDate('&gt;=','1918',undef,undef) &amp;&amp; $obj-&gt;parsedDate('&lt;=','1977',undef,undef)</subfield>
   <subfield code="c">G</subfield>
   <subfield code="s">1000000000002986</subfield>
   <subfield code="t">1000000000002296</subfield>
   <subfield code="x">Canadian Research Knowledge Network Springer Link Archive:Full Text</subfield>
   <subfield code="z">10920000000044614</subfield>
  </datafield>
 </record>