
 <record>
  <leader>-----nas-a2200000z--4500</leader>
  <controlfield tag="008">131125uuuuuuuuuxx-uu-|------u|----|eng-d</controlfield>
  <datafield tag="010" ind1="" ind2="">
   <subfield code="a">sn 82020052 </subfield>
  </datafield>
  <datafield tag="245" ind1="" ind2="0">
   <subfield code="a">Calcified tissue research</subfield>
  </datafield>
  <datafield tag="210" ind1="" ind2="">
   <subfield code="a">CALC TISS RES</subfield>
  </datafield>
  <datafield tag="210" ind1="" ind2="">
   <subfield code="a">CALCIF TISSUE RES</subfield>
  </datafield>
  <datafield tag="260" ind1="" ind2="">
   <subfield code="a">Berlin,</subfield>
   <subfield code="b">Springer.</subfield>
  </datafield>
  <datafield tag="022" ind1="" ind2="">
   <subfield code="a">0008-0594</subfield>
  </datafield>
  <datafield tag="090" ind1="" ind2="">
   <subfield code="a">954927526770</subfield>
  </datafield>
  <datafield tag="866" ind1="" ind2="">
   <subfield code="a">Available from 1967 volume: 1 issue: 1 until 1978. </subfield>
   <subfield code="b">$obj-&gt;parsedDate('&gt;=','1967','1','1') &amp;&amp; $obj-&gt;parsedDate('&lt;=','1978','undef','undef')</subfield>
   <subfield code="c">G</subfield>
   <subfield code="s">1000000000002986</subfield>
   <subfield code="t">1000000000002296</subfield>
   <subfield code="x">Canadian Research Knowledge Network Springer Link Archive:Full Text</subfield>
   <subfield code="z">10920000000044621</subfield>
  </datafield>
 </record>