
 <record>
  <leader>-----nas-a2200000z--4500</leader>
  <controlfield tag="008">131125uuuuuuuuuxx-uu-|------u|----|eng-d</controlfield>
  <datafield tag="245" ind1="" ind2="0">
   <subfield code="a">La Chirurgia degli organi di movimento</subfield>
  </datafield>
  <datafield tag="210" ind1="" ind2="">
   <subfield code="a">CHIR ORGANI MOV</subfield>
  </datafield>
  <datafield tag="210" ind1="" ind2="">
   <subfield code="a">LA CHIRURGIA DEGLI ORGANI DI MOVIMENTO</subfield>
  </datafield>
  <datafield tag="260" ind1="" ind2="">
   <subfield code="a">Bologna.</subfield>
   <subfield code="b">Springer Verlag Italia</subfield>
  </datafield>
  <datafield tag="022" ind1="" ind2="">
   <subfield code="a">0009-4749</subfield>
  </datafield>
  <datafield tag="776" ind1="" ind2="">
   <subfield code="x">1973-2538</subfield>
  </datafield>
  <datafield tag="090" ind1="" ind2="">
   <subfield code="a">954927529826</subfield>
  </datafield>
  <datafield tag="866" ind1="" ind2="">
   <subfield code="a">Available from 2008 volume: 91 issue: 1 until 2008 volume: 92 issue: 3. </subfield>
   <subfield code="s">1000000000002533</subfield>
   <subfield code="t">1000000000001874</subfield>
   <subfield code="x">Canadian Research Knowledge Network Springer Link Current:Full Text</subfield>
   <subfield code="z">1000000001825838</subfield>
  </datafield>
 </record>