
 <record>
  <leader>-----nas-a2200000z--4500</leader>
  <controlfield tag="008">131125uuuuuuuuuxx-uu-|------u|----|eng-d</controlfield>
  <datafield tag="010" ind1="" ind2="">
   <subfield code="a">sn 79004643 </subfield>
  </datafield>
  <datafield tag="245" ind1="" ind2="0">
   <subfield code="a">Indian journal of pediatrics</subfield>
  </datafield>
  <datafield tag="210" ind1="" ind2="">
   <subfield code="a">INDIAN J PEDIATR</subfield>
  </datafield>
  <datafield tag="260" ind1="" ind2="">
   <subfield code="a">Calcutta</subfield>
   <subfield code="b">Springer India</subfield>
  </datafield>
  <datafield tag="022" ind1="" ind2="">
   <subfield code="a">0019-5456</subfield>
  </datafield>
  <datafield tag="776" ind1="" ind2="">
   <subfield code="x">0973-7693</subfield>
  </datafield>
  <datafield tag="090" ind1="" ind2="">
   <subfield code="a">954927540114</subfield>
  </datafield>
  <datafield tag="866" ind1="" ind2="">
   <subfield code="a">Available from 1936 volume: 3 issue: 1 until 1996. </subfield>
   <subfield code="s">1000000000002986</subfield>
   <subfield code="t">1000000000002296</subfield>
   <subfield code="x">Canadian Research Knowledge Network Springer Link Archive:Full Text</subfield>
   <subfield code="z">1000000001826123</subfield>
  </datafield>
  <datafield tag="866" ind1="" ind2="">
   <subfield code="a">Available from 1997 volume: 64 issue: 1. </subfield>
   <subfield code="s">1000000000002533</subfield>
   <subfield code="t">1000000000001874</subfield>
   <subfield code="x">Canadian Research Knowledge Network Springer Link Current:Full Text</subfield>
   <subfield code="z">1000000000949315</subfield>
  </datafield>
 </record>