
 <record>
  <leader>-----nas-a2200000z--4500</leader>
  <controlfield tag="008">131125uuuuuuuuuxx-uu-|------u|----|eng-d</controlfield>
  <datafield tag="010" ind1="" ind2="">
   <subfield code="a">sa 64006128 </subfield>
  </datafield>
  <datafield tag="245" ind1="" ind2="0">
   <subfield code="a">Indian Pediatrics</subfield>
  </datafield>
  <datafield tag="210" ind1="" ind2="">
   <subfield code="a">INDIAN PEDIATR</subfield>
  </datafield>
  <datafield tag="260" ind1="" ind2="">
   <subfield code="a">[Calcutta]</subfield>
   <subfield code="b">Indian Academy of Pediatrics</subfield>
  </datafield>
  <datafield tag="022" ind1="" ind2="">
   <subfield code="a">0019-6061</subfield>
  </datafield>
  <datafield tag="776" ind1="" ind2="">
   <subfield code="x">0974-7559</subfield>
  </datafield>
  <datafield tag="090" ind1="" ind2="">
   <subfield code="a">954927541120</subfield>
  </datafield>
  <datafield tag="866" ind1="" ind2="">
   <subfield code="a">Available from 2010 volume: 47 issue: 1. </subfield>
   <subfield code="s">1000000000002533</subfield>
   <subfield code="t">1000000000001874</subfield>
   <subfield code="x">Canadian Research Knowledge Network Springer Link Current:Full Text</subfield>
   <subfield code="z">3360000000369299</subfield>
  </datafield>
 </record>