
 <record>
  <leader>-----nas-a2200000z--4500</leader>
  <controlfield tag="008">131125uuuuuuuuuxx-uu-|------u|----|ger-d</controlfield>
  <datafield tag="245" ind1="" ind2="">
   <subfield code="a">Pädiatrie und Pädologie</subfield>
  </datafield>
  <datafield tag="210" ind1="" ind2="">
   <subfield code="a">PAEDIATRIE UND PAEDOLOGIE OESTERREICHISCHE ZEITSCHRIFT FUER KINDER UND JUGEND</subfield>
  </datafield>
  <datafield tag="210" ind1="" ind2="">
   <subfield code="a">PADIATR PADOL</subfield>
  </datafield>
  <datafield tag="260" ind1="" ind2="">
   <subfield code="a">Vienna,</subfield>
   <subfield code="b">Springer Wien</subfield>
  </datafield>
  <datafield tag="022" ind1="" ind2="">
   <subfield code="a">0030-9338</subfield>
  </datafield>
  <datafield tag="776" ind1="" ind2="">
   <subfield code="x">1613-7558</subfield>
  </datafield>
  <datafield tag="090" ind1="" ind2="">
   <subfield code="a">954927561602</subfield>
  </datafield>
  <datafield tag="866" ind1="" ind2="">
   <subfield code="a">Available from 2007 volume: 42 issue: 5. </subfield>
   <subfield code="s">1000000000002533</subfield>
   <subfield code="t">1000000000001874</subfield>
   <subfield code="x">Canadian Research Knowledge Network Springer Link Current:Full Text</subfield>
   <subfield code="z">1000000000949804</subfield>
  </datafield>
 </record>