
 <record>
  <leader>-----nas-a2200000z--4500</leader>
  <controlfield tag="008">131125uuuuuuuuuxx-uu-|------u|----|ita-d</controlfield>
  <datafield tag="010" ind1="" ind2="">
   <subfield code="a">  2006256005</subfield>
  </datafield>
  <datafield tag="245" ind1="" ind2="0">
   <subfield code="a">Radiologia medica</subfield>
  </datafield>
  <datafield tag="210" ind1="" ind2="">
   <subfield code="a">RADIOL MED (TORINO)</subfield>
  </datafield>
  <datafield tag="210" ind1="" ind2="">
   <subfield code="a">RADIOL MED</subfield>
  </datafield>
  <datafield tag="260" ind1="" ind2="">
   <subfield code="a">Milan.</subfield>
   <subfield code="b">Springer Milan</subfield>
  </datafield>
  <datafield tag="022" ind1="" ind2="">
   <subfield code="a">0033-8362</subfield>
  </datafield>
  <datafield tag="776" ind1="" ind2="">
   <subfield code="x">1826-6983</subfield>
  </datafield>
  <datafield tag="090" ind1="" ind2="">
   <subfield code="a">954927566713</subfield>
  </datafield>
  <datafield tag="866" ind1="" ind2="">
   <subfield code="a">Available from 2006 volume: 111 issue: 1. </subfield>
   <subfield code="s">1000000000002533</subfield>
   <subfield code="t">1000000000001874</subfield>
   <subfield code="x">Canadian Research Knowledge Network Springer Link Current:Full Text</subfield>
   <subfield code="z">1000000000949641</subfield>
  </datafield>
 </record>