
 <record>
  <leader>-----nas-a2200000z--4500</leader>
  <controlfield tag="008">131125uuuuuuuuuxx-uu-|------u|----|eng-d</controlfield>
  <datafield tag="245" ind1="" ind2="0">
   <subfield code="a">Australasian physical &amp; engineering sciences in medicine</subfield>
  </datafield>
  <datafield tag="210" ind1="" ind2="">
   <subfield code="a">AUSTRALAS PHYS ENG SCI MED</subfield>
  </datafield>
  <datafield tag="210" ind1="" ind2="">
   <subfield code="a">AUSTRALASIAN PHYSICAL AND ENGINEERING SCIENCES IN MEDICINE</subfield>
  </datafield>
  <datafield tag="210" ind1="" ind2="">
   <subfield code="a">AUSTRALASIAN PHYSICAL &amp; ENGINEERING SCIENCES IN MEDICINE / SUPPORTED BY THE AUSTRALASIAN COLLEGE OF PHYSICAL SCIENTISTS IN MEDICINE AND THE... [AUSTRALAS PHYS ENG SCI MED] NLMUID</subfield>
  </datafield>
  <datafield tag="210" ind1="" ind2="">
   <subfield code="a">AUSTRALAS PHYS ENG S</subfield>
  </datafield>
  <datafield tag="260" ind1="" ind2="">
   <subfield code="a">[Melbourne, Vic.?]</subfield>
   <subfield code="b">Springer</subfield>
  </datafield>
  <datafield tag="022" ind1="" ind2="">
   <subfield code="a">0158-9938</subfield>
  </datafield>
  <datafield tag="776" ind1="" ind2="">
   <subfield code="x">1879-5447</subfield>
  </datafield>
  <datafield tag="090" ind1="" ind2="">
   <subfield code="a">954927616994</subfield>
  </datafield>
  <datafield tag="866" ind1="" ind2="">
   <subfield code="a">Available from 2001 volume: 24 issue: 1. </subfield>
   <subfield code="s">1000000000002533</subfield>
   <subfield code="t">1000000000001874</subfield>
   <subfield code="x">Canadian Research Knowledge Network Springer Link Current:Full Text</subfield>
   <subfield code="z">3360000000369306</subfield>
  </datafield>
 </record>