
 <record>
  <leader>-----nas-a2200000z--4500</leader>
  <controlfield tag="008">131125uuuuuuuuuxx-uu-|------u|----|chi-d</controlfield>
  <datafield tag="245" ind1="" ind2="">
   <subfield code="a">华中科技大学学报(医学英德文版)</subfield>
  </datafield>
  <datafield tag="246" ind1="" ind2="">
   <subfield code="a">TONGJI MEDICAL UNIVERSITY JOURNAL</subfield>
  </datafield>
  <datafield tag="210" ind1="" ind2="">
   <subfield code="a">华中科技大学学报(外文版)</subfield>
  </datafield>
  <datafield tag="246" ind1="" ind2="">
   <subfield code="a">J TONGJI MED UNIV</subfield>
  </datafield>
  <datafield tag="260" ind1="" ind2="">
   <subfield code="a">Wuhan, China</subfield>
   <subfield code="b">The University</subfield>
  </datafield>
  <datafield tag="022" ind1="" ind2="">
   <subfield code="a">0257-716X</subfield>
  </datafield>
  <datafield tag="090" ind1="" ind2="">
   <subfield code="a">954927633390</subfield>
  </datafield>
  <datafield tag="945" ind1="" ind2="">
   <subfield code="m">hua zhong ke ji da xue xue bao ( yi xue ying de wen ban )</subfield>
   <subfield code="s">HUA ZHONG KE JI DA XUE XUE BAO YI XUE YING DE WEN BAN</subfield>
  </datafield>
  <datafield tag="866" ind1="" ind2="">
   <subfield code="a">Available from 1997 volume: 17 issue: 1 until 2001 volume: 21 issue: 4. </subfield>
   <subfield code="s">1000000000002533</subfield>
   <subfield code="t">1000000000001874</subfield>
   <subfield code="x">Canadian Research Knowledge Network Springer Link Current:Full Text</subfield>
   <subfield code="z">3390000000100990</subfield>
  </datafield>
 </record>