
 <record>
  <leader>-----nas-a2200000z--4500</leader>
  <controlfield tag="008">131125uuuuuuuuuxx-uu-|------u|----|eng-d</controlfield>
  <datafield tag="010" ind1="" ind2="">
   <subfield code="a">  2011242034</subfield>
  </datafield>
  <datafield tag="245" ind1="" ind2="0">
   <subfield code="a">Archives of orthopaedic and traumatic surgery</subfield>
  </datafield>
  <datafield tag="210" ind1="" ind2="">
   <subfield code="a">ARCHIVES OF ORTHOPAEDIC &amp; TRAUMATIC SURGERY</subfield>
  </datafield>
  <datafield tag="210" ind1="" ind2="">
   <subfield code="a">ARCH ORTHOP TRAUMA SURG</subfield>
  </datafield>
  <datafield tag="260" ind1="" ind2="">
   <subfield code="a">München</subfield>
   <subfield code="b">J.F. Bergmann</subfield>
  </datafield>
  <datafield tag="022" ind1="" ind2="">
   <subfield code="a">0344-8444</subfield>
  </datafield>
  <datafield tag="090" ind1="" ind2="">
   <subfield code="a">954927656936</subfield>
  </datafield>
  <datafield tag="866" ind1="" ind2="">
   <subfield code="a">Available from 1978 until 1988. </subfield>
   <subfield code="b">$obj-&gt;parsedDate('&gt;=','1978',undef,undef) &amp;&amp; $obj-&gt;parsedDate('&lt;=','1988',undef,undef)</subfield>
   <subfield code="c">G</subfield>
   <subfield code="s">1000000000002986</subfield>
   <subfield code="t">1000000000002296</subfield>
   <subfield code="x">Canadian Research Knowledge Network Springer Link Archive:Full Text</subfield>
   <subfield code="z">10920000000044613</subfield>
  </datafield>
 </record>