
 <record>
  <leader>-----nas-a2200000z--4500</leader>
  <controlfield tag="008">131125uuuuuuuuuxx-uu-|------u|----|eng-d</controlfield>
  <datafield tag="245" ind1="" ind2="0">
   <subfield code="a">Pflügers Archiv für die Gesamte Physiologie des Menschen und der Tiere</subfield>
  </datafield>
  <datafield tag="210" ind1="" ind2="">
   <subfield code="a">PFLUG ARCH GES PHYS</subfield>
  </datafield>
  <datafield tag="210" ind1="" ind2="">
   <subfield code="a">PFLUGERS ARCH GESAMTE PHYSIOL MENSCHEN TIERE</subfield>
  </datafield>
  <datafield tag="210" ind1="" ind2="">
   <subfield code="a">ARCHIV FüR DIE GESAMTE PHYSIOLOGIE DES MENSCHEN UND DER TIERE</subfield>
  </datafield>
  <datafield tag="260" ind1="" ind2="">
   <subfield code="a">Berlin</subfield>
  </datafield>
  <datafield tag="022" ind1="" ind2="">
   <subfield code="a">0365-267X</subfield>
  </datafield>
  <datafield tag="090" ind1="" ind2="">
   <subfield code="a">954927660040</subfield>
  </datafield>
  <datafield tag="866" ind1="" ind2="">
   <subfield code="a">Available from 1910 until 1968. </subfield>
   <subfield code="b">$obj-&gt;parsedDate('&gt;=','1910',undef,undef) &amp;&amp; $obj-&gt;parsedDate('&lt;=','1968',undef,undef)</subfield>
   <subfield code="c">G</subfield>
   <subfield code="s">1000000000002986</subfield>
   <subfield code="t">1000000000002296</subfield>
   <subfield code="x">Canadian Research Knowledge Network Springer Link Archive:Full Text</subfield>
   <subfield code="z">10920000000044602</subfield>
  </datafield>
 </record>