
 <record>
  <leader>-----nas-a2200000z--4500</leader>
  <controlfield tag="008">131125uuuuuuuuuxx-uu-|------u|----|eng-d</controlfield>
  <datafield tag="245" ind1="" ind2="">
   <subfield code="a">Deutsche Zeitschrift für Nervenheilkunde</subfield>
  </datafield>
  <datafield tag="210" ind1="" ind2="">
   <subfield code="a">DTSCH Z NERVENHEILKD</subfield>
  </datafield>
  <datafield tag="260" ind1="" ind2="">
   <subfield code="a">Leipzig</subfield>
   <subfield code="b">Verlag Von F.C.W. Vogel</subfield>
  </datafield>
  <datafield tag="022" ind1="" ind2="">
   <subfield code="a">0367-004X</subfield>
  </datafield>
  <datafield tag="090" ind1="" ind2="">
   <subfield code="a">954927662079</subfield>
  </datafield>
  <datafield tag="866" ind1="" ind2="">
   <subfield code="a">Available from 1891 volume: 1 issue: 1 until 1970. </subfield>
   <subfield code="b">$obj-&gt;parsedDate('&gt;=','1891','1','1') &amp;&amp; $obj-&gt;parsedDate('&lt;=','1970','undef','undef')</subfield>
   <subfield code="c">G</subfield>
   <subfield code="s">1000000000002986</subfield>
   <subfield code="t">1000000000002296</subfield>
   <subfield code="x">Canadian Research Knowledge Network Springer Link Archive:Full Text</subfield>
   <subfield code="z">10920000000044626</subfield>
  </datafield>
 </record>