
 <record>
  <leader>-----nas-a2200000z--4500</leader>
  <controlfield tag="008">131125uuuuuuuuuxx-uu-|------u|----|eng-d</controlfield>
  <datafield tag="010" ind1="" ind2="">
   <subfield code="a">sn 95050235 </subfield>
  </datafield>
  <datafield tag="245" ind1="" ind2="0">
   <subfield code="a">International urogynecology journal and pelvic floor dysfunction</subfield>
  </datafield>
  <datafield tag="210" ind1="" ind2="">
   <subfield code="a">INT UROGYNECOL J PEL</subfield>
  </datafield>
  <datafield tag="210" ind1="" ind2="">
   <subfield code="a">INTERNATIONAL UROGYNECOLOGY JOURNAL</subfield>
  </datafield>
  <datafield tag="210" ind1="" ind2="">
   <subfield code="a">INT UROGYNECOL J PELVIC FLOOR DYSFUNCT</subfield>
  </datafield>
  <datafield tag="210" ind1="" ind2="">
   <subfield code="a">INTERNATIONAL UROGYNECOLOGY JOURNAL &amp; PELVIC FLOOR DYSFUNCTION</subfield>
  </datafield>
  <datafield tag="210" ind1="" ind2="">
   <subfield code="a">INT UROGYNECOL J</subfield>
  </datafield>
  <datafield tag="260" ind1="" ind2="">
   <subfield code="a">Surrey, UK</subfield>
   <subfield code="b">Springer London</subfield>
  </datafield>
  <datafield tag="022" ind1="" ind2="">
   <subfield code="a">0937-3462</subfield>
  </datafield>
  <datafield tag="776" ind1="" ind2="">
   <subfield code="x">1433-3023</subfield>
  </datafield>
  <datafield tag="090" ind1="" ind2="">
   <subfield code="a">954927705154</subfield>
  </datafield>
  <datafield tag="866" ind1="" ind2="">
   <subfield code="a">Available from 1990 volume: 1 issue: 1 until 1996. </subfield>
   <subfield code="s">1000000000002986</subfield>
   <subfield code="t">1000000000002296</subfield>
   <subfield code="x">Canadian Research Knowledge Network Springer Link Archive:Full Text</subfield>
   <subfield code="z">1000000001788667</subfield>
  </datafield>
  <datafield tag="866" ind1="" ind2="">
   <subfield code="a">Available from 1997 volume: 8 issue: 1. </subfield>
   <subfield code="s">1000000000002533</subfield>
   <subfield code="t">1000000000001874</subfield>
   <subfield code="x">Canadian Research Knowledge Network Springer Link Current:Full Text</subfield>
   <subfield code="z">1000000000949393</subfield>
  </datafield>
 </record>