
 <record>
  <leader>-----nas-a2200000z--4500</leader>
  <controlfield tag="008">131125uuuuuuuuuxx-uu-|------u|----|eng-d</controlfield>
  <datafield tag="010" ind1="" ind2="">
   <subfield code="a">   94641424 </subfield>
  </datafield>
  <datafield tag="245" ind1="" ind2="0">
   <subfield code="a">Molecular biotechnology</subfield>
  </datafield>
  <datafield tag="210" ind1="" ind2="">
   <subfield code="a">MOL BIOTECHNOL</subfield>
  </datafield>
  <datafield tag="210" ind1="" ind2="">
   <subfield code="a">MOL BIOTECH</subfield>
  </datafield>
  <datafield tag="260" ind1="" ind2="">
   <subfield code="a">Totowa, NJ</subfield>
   <subfield code="b">Springer New York</subfield>
  </datafield>
  <datafield tag="022" ind1="" ind2="">
   <subfield code="a">1073-6085</subfield>
  </datafield>
  <datafield tag="776" ind1="" ind2="">
   <subfield code="x">1559-0305</subfield>
  </datafield>
  <datafield tag="090" ind1="" ind2="">
   <subfield code="a">954927728596</subfield>
  </datafield>
  <datafield tag="866" ind1="" ind2="">
   <subfield code="a">Available from 1994 volume: 1 until 1996 volume: 6. </subfield>
   <subfield code="s">1000000000002986</subfield>
   <subfield code="t">1000000000002296</subfield>
   <subfield code="x">Canadian Research Knowledge Network Springer Link Archive:Full Text</subfield>
   <subfield code="z">1000000001826156</subfield>
  </datafield>
  <datafield tag="866" ind1="" ind2="">
   <subfield code="a">Available from 1997 volume: 7 issue: 1. </subfield>
   <subfield code="s">1000000000002533</subfield>
   <subfield code="t">1000000000001874</subfield>
   <subfield code="x">Canadian Research Knowledge Network Springer Link Current:Full Text</subfield>
   <subfield code="z">1000000001825978</subfield>
  </datafield>
 </record>