
 <record>
  <leader>-----nas-a2200000z--4500</leader>
  <controlfield tag="008">131125uuuuuuuuuxx-uu-|------u|----|eng-d</controlfield>
  <datafield tag="010" ind1="" ind2="">
   <subfield code="a">   00208397 </subfield>
  </datafield>
  <datafield tag="245" ind1="" ind2="0">
   <subfield code="a">Pathology and oncology research</subfield>
  </datafield>
  <datafield tag="210" ind1="" ind2="">
   <subfield code="a">PATHOLOGY AND ONCOLOGY RESEARCH</subfield>
  </datafield>
  <datafield tag="210" ind1="" ind2="">
   <subfield code="a">PATHOL ONCOL RES</subfield>
  </datafield>
  <datafield tag="210" ind1="" ind2="">
   <subfield code="a">POR PATHOLOGY ONCOLOGY RESEARCH</subfield>
  </datafield>
  <datafield tag="210" ind1="" ind2="">
   <subfield code="a">PATHOLOGY ONCOLOGY RESEARCH </subfield>
  </datafield>
  <datafield tag="260" ind1="" ind2="">
   <subfield code="a">Budapest, Hungary</subfield>
   <subfield code="b">Springer Netherlands</subfield>
  </datafield>
  <datafield tag="022" ind1="" ind2="">
   <subfield code="a">1219-4956</subfield>
  </datafield>
  <datafield tag="776" ind1="" ind2="">
   <subfield code="x">1532-2807</subfield>
  </datafield>
  <datafield tag="090" ind1="" ind2="">
   <subfield code="a">954927738785</subfield>
  </datafield>
  <datafield tag="866" ind1="" ind2="">
   <subfield code="a">Available from 1997 volume: 3 issue: 1. </subfield>
   <subfield code="s">1000000000002533</subfield>
   <subfield code="t">1000000000001874</subfield>
   <subfield code="x">Canadian Research Knowledge Network Springer Link Current:Full Text</subfield>
   <subfield code="z">1000000001825987</subfield>
  </datafield>
 </record>