
 <record>
  <leader>-----nas-a2200000z--4500</leader>
  <controlfield tag="008">131125uuuuuuuuuxx-uu-|------u|----|eng-d</controlfield>
  <datafield tag="010" ind1="" ind2="">
   <subfield code="a">sn 99039303 </subfield>
  </datafield>
  <datafield tag="245" ind1="" ind2="4">
   <subfield code="a">The Japanese journal of thoracic and cardiovascular surgery</subfield>
  </datafield>
  <datafield tag="210" ind1="" ind2="">
   <subfield code="a">JPN J THORAC CARDIOVASC SURG</subfield>
  </datafield>
  <datafield tag="260" ind1="" ind2="">
   <subfield code="a">Tokyo</subfield>
   <subfield code="b">Springer Japan</subfield>
  </datafield>
  <datafield tag="022" ind1="" ind2="">
   <subfield code="a">1344-4964</subfield>
  </datafield>
  <datafield tag="776" ind1="" ind2="">
   <subfield code="x">1863-2092</subfield>
  </datafield>
  <datafield tag="090" ind1="" ind2="">
   <subfield code="a">954927740830</subfield>
  </datafield>
  <datafield tag="866" ind1="" ind2="">
   <subfield code="a">Available from 2001 volume: 49 issue: 1 until 2006 volume: 54 issue: 12. </subfield>
   <subfield code="s">1000000000002533</subfield>
   <subfield code="t">1000000000001874</subfield>
   <subfield code="x">Canadian Research Knowledge Network Springer Link Current:Full Text</subfield>
   <subfield code="z">2590000000002501</subfield>
  </datafield>
 </record>