
 <record>
  <leader>-----nas-a2200000z--4500</leader>
  <controlfield tag="008">131125uuuuuuuuuxx-uu-|------u|----|eng-d</controlfield>
  <datafield tag="010" ind1="" ind2="">
   <subfield code="a">   83054911 </subfield>
  </datafield>
  <datafield tag="245" ind1="" ind2="0">
   <subfield code="a">Psychological Studies</subfield>
  </datafield>
  <datafield tag="210" ind1="" ind2="">
   <subfield code="a">PSYCHOL STUD</subfield>
  </datafield>
  <datafield tag="210" ind1="" ind2="">
   <subfield code="a">PSYCHOL STUD (MYSORE)</subfield>
  </datafield>
  <datafield tag="260" ind1="" ind2="">
   <subfield code="a">Mysore</subfield>
   <subfield code="b">UBS Publishers' Distributors Ltd.</subfield>
  </datafield>
  <datafield tag="022" ind1="" ind2="">
   <subfield code="a">0033-2968</subfield>
  </datafield>
  <datafield tag="776" ind1="" ind2="">
   <subfield code="x">0974-9861</subfield>
  </datafield>
  <datafield tag="090" ind1="" ind2="">
   <subfield code="a">954928506597</subfield>
  </datafield>
  <datafield tag="866" ind1="" ind2="">
   <subfield code="a">Available from 2009 volume: 54 issue: 1. </subfield>
   <subfield code="s">1000000000002533</subfield>
   <subfield code="t">1000000000001874</subfield>
   <subfield code="x">Canadian Research Knowledge Network Springer Link Current:Full Text</subfield>
   <subfield code="z">1000000002187826</subfield>
  </datafield>
 </record>