
 <record>
  <leader>-----nas-a2200000z--4500</leader>
  <controlfield tag="008">131125uuuuuuuuuxx-uu-|------u|----|eng-d</controlfield>
  <datafield tag="010" ind1="" ind2="">
   <subfield code="a">sn 86040813 </subfield>
  </datafield>
  <datafield tag="245" ind1="" ind2="0">
   <subfield code="a">Archives for meteorology, geophysics, and bioclimatology. Series A, Meteorology and atmospheric physics</subfield>
  </datafield>
  <datafield tag="210" ind1="" ind2="">
   <subfield code="a">ARCHIVES FOR METEOROLOGY, GEOPHYSICS, &amp; BIOCLIMATOLOGY. SERIES A, METEOROLOGY &amp; ATMOSPHERIC PHYSICS</subfield>
  </datafield>
  <datafield tag="210" ind1="" ind2="">
   <subfield code="a">ARCHIVES FOR METEOROLOGY, GEOPHYSICS, AND BIOCLIMATOLOGY. SERIES A, METEOROLOGY &amp; ATMOSPHERIC PHYSICS</subfield>
  </datafield>
  <datafield tag="260" ind1="" ind2="">
   <subfield code="a">Wien</subfield>
   <subfield code="b">Springer-Verlag</subfield>
  </datafield>
  <datafield tag="022" ind1="" ind2="">
   <subfield code="a">0259-8477</subfield>
  </datafield>
  <datafield tag="090" ind1="" ind2="">
   <subfield code="a">954928551330</subfield>
  </datafield>
  <datafield tag="866" ind1="" ind2="">
   <subfield code="a">Available from 1985 volume: 34 issue: 1 until 1986 volume: 34 issue: 4. </subfield>
   <subfield code="b">$obj-&gt;parsedDate('&gt;=','1985','34','1') &amp;&amp; $obj-&gt;parsedDate('&lt;=','1986','34','4')</subfield>
   <subfield code="c">G</subfield>
   <subfield code="s">1000000000002986</subfield>
   <subfield code="t">1000000000002296</subfield>
   <subfield code="x">Canadian Research Knowledge Network Springer Link Archive:Full Text</subfield>
   <subfield code="z">10920000000043702</subfield>
  </datafield>
 </record>