
 <record>
  <leader>-----nas-a2200000z--4500</leader>
  <controlfield tag="008">131125uuuuuuuuuxx-uu-|------u|----|eng-d</controlfield>
  <datafield tag="245" ind1="" ind2="0">
   <subfield code="a">Proceedings of the National Academy of Sciences, India. Section B</subfield>
  </datafield>
  <datafield tag="210" ind1="" ind2="">
   <subfield code="a">NATIONAL ACADEMY OF SCIENCES INDIA PROCEEDINGS SECTION B BIOLOGICAL SCIENCES</subfield>
  </datafield>
  <datafield tag="210" ind1="" ind2="">
   <subfield code="a">PROC. NATL. ACAD. SCI. INDIA SECT. A PHYS. SCI</subfield>
  </datafield>
  <datafield tag="210" ind1="" ind2="">
   <subfield code="a">PROC INDIAN NATL SCI ACAD PART B BIOL SCI</subfield>
  </datafield>
  <datafield tag="210" ind1="" ind2="">
   <subfield code="a">PROC NATL ACAD SCI INDIA SECT B (BIOL SCI)</subfield>
  </datafield>
  <datafield tag="210" ind1="" ind2="">
   <subfield code="a">P NATL A SCI INDIA B</subfield>
  </datafield>
  <datafield tag="260" ind1="" ind2="">
   <subfield code="a">Allahabad [India]</subfield>
   <subfield code="b">Council of the National Academy of Sciences, India</subfield>
  </datafield>
  <datafield tag="022" ind1="" ind2="">
   <subfield code="a">0369-8211</subfield>
  </datafield>
  <datafield tag="776" ind1="" ind2="">
   <subfield code="x">2250-1746</subfield>
  </datafield>
  <datafield tag="090" ind1="" ind2="">
   <subfield code="a">954928573686</subfield>
  </datafield>
  <datafield tag="866" ind1="" ind2="">
   <subfield code="a">Available from 2012 volume: 82 issue: 1. </subfield>
   <subfield code="s">1000000000002533</subfield>
   <subfield code="t">1000000000001874</subfield>
   <subfield code="x">Canadian Research Knowledge Network Springer Link Current:Full Text</subfield>
   <subfield code="z">3360000000813199</subfield>
  </datafield>
 </record>