
 <record>
  <leader>-----nas-a2200000z--4500</leader>
  <controlfield tag="008">131125uuuuuuuuuxx-uu-|------u|----|eng-d</controlfield>
  <datafield tag="010" ind1="" ind2="">
   <subfield code="a">  2009252691</subfield>
  </datafield>
  <datafield tag="245" ind1="" ind2="0">
   <subfield code="a">Iranian polymer journal</subfield>
  </datafield>
  <datafield tag="210" ind1="" ind2="">
   <subfield code="a">IRAN POLYM J</subfield>
  </datafield>
  <datafield tag="210" ind1="" ind2="">
   <subfield code="a">IRAN POLY J</subfield>
  </datafield>
  <datafield tag="260" ind1="" ind2="">
   <subfield code="a">Tehran, Iran</subfield>
   <subfield code="b">Iran Polymer and Petrochemical Institute</subfield>
  </datafield>
  <datafield tag="022" ind1="" ind2="">
   <subfield code="a">1026-1265</subfield>
  </datafield>
  <datafield tag="776" ind1="" ind2="">
   <subfield code="x">1735-5265</subfield>
  </datafield>
  <datafield tag="090" ind1="" ind2="">
   <subfield code="a">954928609168</subfield>
  </datafield>
  <datafield tag="866" ind1="" ind2="">
   <subfield code="a">Available from 2012 volume: 21 issue: 1. </subfield>
   <subfield code="s">1000000000002533</subfield>
   <subfield code="t">1000000000001874</subfield>
   <subfield code="x">Canadian Research Knowledge Network Springer Link Current:Full Text</subfield>
   <subfield code="z">3390000000109226</subfield>
  </datafield>
 </record>