
 <record>
  <leader>-----nas-a2200000z--4500</leader>
  <controlfield tag="008">131125uuuuuuuuuxx-uu-|------u|----|spa-d</controlfield>
  <datafield tag="245" ind1="" ind2="0">
   <subfield code="a">Test</subfield>
  </datafield>
  <datafield tag="210" ind1="" ind2="">
   <subfield code="a">TES</subfield>
  </datafield>
  <datafield tag="210" ind1="" ind2="">
   <subfield code="a">SPAIN</subfield>
  </datafield>
  <datafield tag="260" ind1="" ind2="">
   <subfield code="a">Heidelberg</subfield>
   <subfield code="b">Springer Berlin Heidelberg</subfield>
  </datafield>
  <datafield tag="022" ind1="" ind2="">
   <subfield code="a">1133-0686</subfield>
  </datafield>
  <datafield tag="776" ind1="" ind2="">
   <subfield code="x">1863-8260</subfield>
  </datafield>
  <datafield tag="090" ind1="" ind2="">
   <subfield code="a">954928620284</subfield>
  </datafield>
  <datafield tag="866" ind1="" ind2="">
   <subfield code="a">Available from 1950 volume: 1 until 1996 volume: 46. </subfield>
   <subfield code="s">1000000000002986</subfield>
   <subfield code="t">1000000000002296</subfield>
   <subfield code="x">Canadian Research Knowledge Network Springer Link Archive:Full Text</subfield>
   <subfield code="z">1000000001826195</subfield>
  </datafield>
  <datafield tag="866" ind1="" ind2="">
   <subfield code="a">Available from 1992 volume: 1. </subfield>
   <subfield code="b">$obj-&gt;parsedDate("&gt;=",1992,1,undef)</subfield>
   <subfield code="c">L</subfield>
   <subfield code="s">1000000000002533</subfield>
   <subfield code="t">1000000000001874</subfield>
   <subfield code="x">Canadian Research Knowledge Network Springer Link Current:Full Text</subfield>
   <subfield code="z">1000000000950010</subfield>
  </datafield>
 </record>