
 <record>
  <leader>-----nas-a2200000z--4500</leader>
  <controlfield tag="008">131125uuuuuuuuuxx-uu-|------u|----|eng-d</controlfield>
  <datafield tag="010" ind1="" ind2="">
   <subfield code="a">   98657559 </subfield>
  </datafield>
  <datafield tag="245" ind1="" ind2="0">
   <subfield code="a">Metals and Materials</subfield>
  </datafield>
  <datafield tag="210" ind1="" ind2="">
   <subfield code="a">MET MATER KOREA</subfield>
  </datafield>
  <datafield tag="210" ind1="" ind2="">
   <subfield code="a">METALS AND MATERIALS KOREA</subfield>
  </datafield>
  <datafield tag="210" ind1="" ind2="">
   <subfield code="a">MET MATER K</subfield>
  </datafield>
  <datafield tag="210" ind1="" ind2="">
   <subfield code="a">ADVANCED MATERIAL AND PROCESSING</subfield>
  </datafield>
  <datafield tag="260" ind1="" ind2="">
   <subfield code="a">Seoul, Korea</subfield>
   <subfield code="b">Korean Institute of Metals and Materials</subfield>
  </datafield>
  <datafield tag="022" ind1="" ind2="">
   <subfield code="a">1225-9438</subfield>
  </datafield>
  <datafield tag="090" ind1="" ind2="">
   <subfield code="a">954928620297</subfield>
  </datafield>
  <datafield tag="866" ind1="" ind2="">
   <subfield code="a">Available from 1997 volume: 3 issue: 1 until 2000 volume: 6 issue: 6. </subfield>
   <subfield code="s">1000000000002533</subfield>
   <subfield code="t">1000000000001874</subfield>
   <subfield code="x">Canadian Research Knowledge Network Springer Link Current:Full Text</subfield>
   <subfield code="z">3390000000101016</subfield>
  </datafield>
 </record>