
 <record>
  <leader>-----nas-a2200000z--4500</leader>
  <controlfield tag="008">131125uuuuuuuuuxx-uu-|------u|----|ger-d</controlfield>
  <datafield tag="245" ind1="" ind2="0">
   <subfield code="a">Urologe. Ausgabe B</subfield>
  </datafield>
  <datafield tag="210" ind1="" ind2="">
   <subfield code="a">UROLOGE AUSGABE B</subfield>
  </datafield>
  <datafield tag="210" ind1="" ind2="">
   <subfield code="a">DER UROLOGE B</subfield>
  </datafield>
  <datafield tag="210" ind1="" ind2="">
   <subfield code="a">UROLOGE B DER</subfield>
  </datafield>
  <datafield tag="210" ind1="" ind2="">
   <subfield code="a">DER UROLOGE SECTION B</subfield>
  </datafield>
  <datafield tag="210" ind1="" ind2="">
   <subfield code="a">UROLOGE B</subfield>
  </datafield>
  <datafield tag="210" ind1="" ind2="">
   <subfield code="a">UROLOGE. AUSG. B</subfield>
  </datafield>
  <datafield tag="260" ind1="" ind2="">
   <subfield code="a">Berlin.</subfield>
   <subfield code="b">Springer</subfield>
  </datafield>
  <datafield tag="022" ind1="" ind2="">
   <subfield code="a">0042-1111</subfield>
  </datafield>
  <datafield tag="776" ind1="" ind2="">
   <subfield code="x">1433-0571</subfield>
  </datafield>
  <datafield tag="090" ind1="" ind2="">
   <subfield code="a">954933097323</subfield>
  </datafield>
  <datafield tag="866" ind1="" ind2="">
   <subfield code="a">Available in 1996. </subfield>
   <subfield code="s">1000000000002986</subfield>
   <subfield code="t">1000000000002296</subfield>
   <subfield code="x">Canadian Research Knowledge Network Springer Link Archive:Full Text</subfield>
   <subfield code="z">1000000001788549</subfield>
  </datafield>
  <datafield tag="866" ind1="" ind2="">
   <subfield code="a">Available from 1997 volume: 37 issue: 1 until 2002 volume: 42 issue: 6. </subfield>
   <subfield code="s">1000000000002533</subfield>
   <subfield code="t">1000000000001874</subfield>
   <subfield code="x">Canadian Research Knowledge Network Springer Link Current:Full Text</subfield>
   <subfield code="z">2530000000000462</subfield>
  </datafield>
 </record>