
 <record>
  <leader>-----nas-a2200000z--4500</leader>
  <controlfield tag="008">131125uuuuuuuuuxx-uu-|------u|----|eng-d</controlfield>
  <datafield tag="245" ind1="" ind2="0">
   <subfield code="a">Intensivmedizin + Notfallmedizin</subfield>
  </datafield>
  <datafield tag="210" ind1="" ind2="">
   <subfield code="a">INTENSIVMEDIZIN UND NOTFALLMEDIZIN</subfield>
  </datafield>
  <datafield tag="210" ind1="" ind2="">
   <subfield code="a">INTENSIVMED NOTFALLMED</subfield>
  </datafield>
  <datafield tag="260" ind1="" ind2="">
   <subfield code="a">Darmstadt</subfield>
   <subfield code="b">Steinkopff</subfield>
  </datafield>
  <datafield tag="022" ind1="" ind2="">
   <subfield code="a">0175-3851</subfield>
  </datafield>
  <datafield tag="776" ind1="" ind2="">
   <subfield code="x">1435-1420</subfield>
  </datafield>
  <datafield tag="090" ind1="" ind2="">
   <subfield code="a">954933106332</subfield>
  </datafield>
  <datafield tag="866" ind1="" ind2="">
   <subfield code="a">Available from 1998 volume: 35 issue: 1 until 2011 volume: 48 issue: 6. </subfield>
   <subfield code="s">1000000000002533</subfield>
   <subfield code="t">1000000000001874</subfield>
   <subfield code="x">Canadian Research Knowledge Network Springer Link Current:Full Text</subfield>
   <subfield code="z">1000000000949337</subfield>
  </datafield>
 </record>