
 <record>
  <leader>-----nas-a2200000z--4500</leader>
  <controlfield tag="008">131125uuuuuuuuuxx-uu-|------u|----|eng-d</controlfield>
  <datafield tag="010" ind1="" ind2="">
   <subfield code="a">  2008233889</subfield>
  </datafield>
  <datafield tag="245" ind1="" ind2="0">
   <subfield code="a">Emergency radiology</subfield>
  </datafield>
  <datafield tag="210" ind1="" ind2="">
   <subfield code="a">EMERGENCY RADIOLOGY A JOURNAL OF PRACTICAL IMAGING</subfield>
  </datafield>
  <datafield tag="210" ind1="" ind2="">
   <subfield code="a">EMERG RADIOL</subfield>
  </datafield>
  <datafield tag="260" ind1="" ind2="">
   <subfield code="a">Berlin</subfield>
   <subfield code="b">Springer Berlin Heidelberg</subfield>
  </datafield>
  <datafield tag="022" ind1="" ind2="">
   <subfield code="a">1070-3004</subfield>
  </datafield>
  <datafield tag="776" ind1="" ind2="">
   <subfield code="x">1438-1435</subfield>
  </datafield>
  <datafield tag="090" ind1="" ind2="">
   <subfield code="a">954933110363</subfield>
  </datafield>
  <datafield tag="866" ind1="" ind2="">
   <subfield code="a">Available from 1994 volume: 1 issue: 1 until 1996. </subfield>
   <subfield code="s">1000000000002986</subfield>
   <subfield code="t">1000000000002296</subfield>
   <subfield code="x">Canadian Research Knowledge Network Springer Link Archive:Full Text</subfield>
   <subfield code="z">1000000001788720</subfield>
  </datafield>
  <datafield tag="866" ind1="" ind2="">
   <subfield code="a">Available from 1997 volume: 4 issue: 1. </subfield>
   <subfield code="s">1000000000002533</subfield>
   <subfield code="t">1000000000001874</subfield>
   <subfield code="x">Canadian Research Knowledge Network Springer Link Current:Full Text</subfield>
   <subfield code="z">1000000000949159</subfield>
  </datafield>
 </record>