
 <record>
  <leader>-----nas-a2200000z--4500</leader>
  <controlfield tag="008">131125uuuuuuuuuxx-uu-|------u|----|eng-d</controlfield>
  <datafield tag="010" ind1="" ind2="">
   <subfield code="a">   00243449 </subfield>
  </datafield>
  <datafield tag="245" ind1="" ind2="">
   <subfield code="a">Molecules online</subfield>
  </datafield>
  <datafield tag="260" ind1="" ind2="">
   <subfield code="a">Basel, Switzerland</subfield>
   <subfield code="b">Molecular Diversity Preservation International</subfield>
  </datafield>
  <datafield tag="022" ind1="" ind2="">
   <subfield code="a">1433-1373</subfield>
  </datafield>
  <datafield tag="090" ind1="" ind2="">
   <subfield code="a">954933110380</subfield>
  </datafield>
  <datafield tag="866" ind1="" ind2="">
   <subfield code="a">Available in 1996. </subfield>
   <subfield code="s">1000000000002986</subfield>
   <subfield code="t">1000000000002296</subfield>
   <subfield code="x">Canadian Research Knowledge Network Springer Link Archive:Full Text</subfield>
   <subfield code="z">1000000001788559</subfield>
  </datafield>
 </record>