
 <record>
  <leader>-----nas-a2200000z--4500</leader>
  <controlfield tag="008">131125uuuuuuuuuxx-uu-|------u|----|ger-d</controlfield>
  <datafield tag="010" ind1="" ind2="">
   <subfield code="a">  2007233678</subfield>
  </datafield>
  <datafield tag="245" ind1="" ind2="0">
   <subfield code="a">Bundesgesundheitsblatt, Gesundheitsforschung, Gesundheitsschutz</subfield>
  </datafield>
  <datafield tag="210" ind1="" ind2="">
   <subfield code="a">BUNDESGESUNDHEITSBLATT</subfield>
  </datafield>
  <datafield tag="210" ind1="" ind2="">
   <subfield code="a">BUNDESGESUNDHEITSBLATT GESUNDHEITSFORSCHUNG GESUNDHEITSSCHUTZ</subfield>
  </datafield>
  <datafield tag="210" ind1="" ind2="">
   <subfield code="a">BUNDESGESUNDHEITSBLA</subfield>
  </datafield>
  <datafield tag="260" ind1="" ind2="">
   <subfield code="a">Berlin</subfield>
   <subfield code="b">Springer Berlin Heidelberg</subfield>
  </datafield>
  <datafield tag="022" ind1="" ind2="">
   <subfield code="a">1436-9990</subfield>
  </datafield>
  <datafield tag="776" ind1="" ind2="">
   <subfield code="x">1437-1588</subfield>
  </datafield>
  <datafield tag="090" ind1="" ind2="">
   <subfield code="a">954933111403</subfield>
  </datafield>
  <datafield tag="866" ind1="" ind2="">
   <subfield code="a">Available from 1997 volume: 40 issue: 1. </subfield>
   <subfield code="s">1000000000002533</subfield>
   <subfield code="t">1000000000001874</subfield>
   <subfield code="x">Canadian Research Knowledge Network Springer Link Current:Full Text</subfield>
   <subfield code="z">1000000000948996</subfield>
  </datafield>
 </record>