
 <record>
  <leader>-----nas-a2200000z--4500</leader>
  <controlfield tag="008">131125uuuuuuuuuxx-uu-|------u|----|eng-d</controlfield>
  <datafield tag="010" ind1="" ind2="">
   <subfield code="a">  2002261178</subfield>
  </datafield>
  <datafield tag="245" ind1="" ind2="0">
   <subfield code="a">Journal of Shanghai Jiaotong University. Science</subfield>
  </datafield>
  <datafield tag="210" ind1="" ind2="">
   <subfield code="a">SHANG HAI JIAO TONG DA XUE XUE BAO （ YING WEN BAN ）</subfield>
  </datafield>
  <datafield tag="210" ind1="" ind2="">
   <subfield code="a">SHANGHAI JIAOTONG UNIVERSITY JOURNAL</subfield>
  </datafield>
  <datafield tag="210" ind1="" ind2="">
   <subfield code="a">J SHANGHAI JIAOTING UNIV  SCI</subfield>
  </datafield>
  <datafield tag="210" ind1="" ind2="">
   <subfield code="a">DAXUE XUEBAO (YINGWENBAN)</subfield>
  </datafield>
  <datafield tag="210" ind1="" ind2="">
   <subfield code="a">SHANGHAI JIAOTONG DAXUE XUEBAO (YINGWENBAN)</subfield>
  </datafield>
  <datafield tag="210" ind1="" ind2="">
   <subfield code="a">JOURNAL OF SHANGHAI JIAOTONG UNIVERSITY </subfield>
  </datafield>
  <datafield tag="260" ind1="" ind2="">
   <subfield code="a">Shanghai</subfield>
   <subfield code="b">Shanghai Jiaotong University Press</subfield>
  </datafield>
  <datafield tag="022" ind1="" ind2="">
   <subfield code="a">1007-1172</subfield>
  </datafield>
  <datafield tag="776" ind1="" ind2="">
   <subfield code="x">1995-8188</subfield>
  </datafield>
  <datafield tag="090" ind1="" ind2="">
   <subfield code="a">958480152009</subfield>
  </datafield>
  <datafield tag="866" ind1="" ind2="">
   <subfield code="a">Available from 2008 volume: 13 issue: 1. </subfield>
   <subfield code="b">$obj-&gt;parsedDate('&gt;=','2008','13','1')</subfield>
   <subfield code="c">G</subfield>
   <subfield code="s">1000000000002533</subfield>
   <subfield code="t">1000000000001874</subfield>
   <subfield code="x">Canadian Research Knowledge Network Springer Link Current:Full Text</subfield>
   <subfield code="z">10920000000011871</subfield>
  </datafield>
  <datafield tag="866" ind1="" ind2="">
   <subfield code="a">Available from 2008 volume: 13 issue: 1. </subfield>
   <subfield code="s">1000000000002533</subfield>
   <subfield code="t">1000000000001874</subfield>
   <subfield code="x">Canadian Research Knowledge Network Springer Link Current:Full Text</subfield>
   <subfield code="z">3360000000813214</subfield>
  </datafield>
 </record>