
 <record>
  <leader>-----nas-a2200000z--4500</leader>
  <controlfield tag="008">131125uuuuuuuuuxx-uu-|------u|----|eng-d</controlfield>
  <datafield tag="010" ind1="" ind2="">
   <subfield code="a">  2006249108</subfield>
  </datafield>
  <datafield tag="245" ind1="" ind2="0">
   <subfield code="a">Advances in applied Clifford algebras</subfield>
  </datafield>
  <datafield tag="210" ind1="" ind2="">
   <subfield code="a">ADV. APPL. CLIFFORD ALGEBR</subfield>
  </datafield>
  <datafield tag="210" ind1="" ind2="">
   <subfield code="a">ADV APPL CLIFFORD AL</subfield>
  </datafield>
  <datafield tag="260" ind1="" ind2="">
   <subfield code="a">México, D.F., México</subfield>
   <subfield code="b">Facultad de Estudios Superiores, Cuautitlán, Universidad Nacional Autónoma de México</subfield>
  </datafield>
  <datafield tag="022" ind1="" ind2="">
   <subfield code="a">0188-7009</subfield>
  </datafield>
  <datafield tag="776" ind1="" ind2="">
   <subfield code="x">1661-4909</subfield>
  </datafield>
  <datafield tag="090" ind1="" ind2="">
   <subfield code="a">958480162265</subfield>
  </datafield>
  <datafield tag="866" ind1="" ind2="">
   <subfield code="a">Available from 2000 volume: 10 issue: 2. </subfield>
   <subfield code="b">$obj-&gt;parsedDate("&gt;=",2000,10,2)</subfield>
   <subfield code="c">L</subfield>
   <subfield code="s">1000000000002533</subfield>
   <subfield code="t">1000000000001874</subfield>
   <subfield code="x">Canadian Research Knowledge Network Springer Link Current:Full Text</subfield>
   <subfield code="z">1000000000948849</subfield>
  </datafield>
 </record>