
 <record>
  <leader>-----nas-a2200000z--4500</leader>
  <controlfield tag="008">131125uuuuuuuuuxx-uu-|------u|----|eng-d</controlfield>
  <datafield tag="010" ind1="" ind2="">
   <subfield code="a">  2006216262</subfield>
  </datafield>
  <datafield tag="245" ind1="" ind2="0">
   <subfield code="a">International journal of self-propagating high-temperature synthesis</subfield>
  </datafield>
  <datafield tag="210" ind1="" ind2="">
   <subfield code="a">INT. J. SELF PROPAG. HIGH TEMP. SYNTH</subfield>
  </datafield>
  <datafield tag="260" ind1="" ind2="">
   <subfield code="a">New York</subfield>
   <subfield code="b">Allerton Press</subfield>
  </datafield>
  <datafield tag="022" ind1="" ind2="">
   <subfield code="a">1061-3862</subfield>
  </datafield>
  <datafield tag="776" ind1="" ind2="">
   <subfield code="x">1934-788X</subfield>
  </datafield>
  <datafield tag="090" ind1="" ind2="">
   <subfield code="a">958480164312</subfield>
  </datafield>
  <datafield tag="866" ind1="" ind2="">
   <subfield code="a">Available from 2007 volume: 16 issue: 1. </subfield>
   <subfield code="s">1000000000002533</subfield>
   <subfield code="t">1000000000001874</subfield>
   <subfield code="x">Canadian Research Knowledge Network Springer Link Current:Full Text</subfield>
   <subfield code="z">1000000001825941</subfield>
  </datafield>
 </record>