
 <record>
  <leader>-----nas-a2200000z--4500</leader>
  <controlfield tag="008">131125uuuuuuuuuxx-uu-|------u|----|eng-d</controlfield>
  <datafield tag="245" ind1="" ind2="0">
   <subfield code="a">Proceedings of the National Academy of Sciences, India. Section A</subfield>
  </datafield>
  <datafield tag="210" ind1="" ind2="">
   <subfield code="a">P NATL A SCI INDIA A</subfield>
  </datafield>
  <datafield tag="260" ind1="" ind2="">
   <subfield code="a">Allahabad [India]</subfield>
   <subfield code="b">Council of the National Academy of Sciences, India</subfield>
  </datafield>
  <datafield tag="022" ind1="" ind2="">
   <subfield code="a">0369-8203</subfield>
  </datafield>
  <datafield tag="776" ind1="" ind2="">
   <subfield code="x">2250-1762</subfield>
  </datafield>
  <datafield tag="090" ind1="" ind2="">
   <subfield code="a">958480261781</subfield>
  </datafield>
  <datafield tag="866" ind1="" ind2="">
   <subfield code="a">Available from 2012 volume: 82 issue: 1. </subfield>
   <subfield code="s">1000000000002533</subfield>
   <subfield code="t">1000000000001874</subfield>
   <subfield code="x">Canadian Research Knowledge Network Springer Link Current:Full Text</subfield>
   <subfield code="z">3360000000813198</subfield>
  </datafield>
 </record>