
 <record>
  <leader>-----nas-a2200000z--4500</leader>
  <controlfield tag="008">131125uuuuuuuuuxx-uu-|------u|----|eng-d</controlfield>
  <datafield tag="010" ind1="" ind2="">
   <subfield code="a">   88649848 </subfield>
  </datafield>
  <datafield tag="245" ind1="" ind2="0">
   <subfield code="a">Acta Meteorologica Sinica</subfield>
  </datafield>
  <datafield tag="210" ind1="" ind2="">
   <subfield code="a">QI XIANG XUE BAO （ YING WEN BAN ）</subfield>
  </datafield>
  <datafield tag="210" ind1="" ind2="">
   <subfield code="a">气象学报（英文版）</subfield>
  </datafield>
  <datafield tag="210" ind1="" ind2="">
   <subfield code="a">氣象學報（英文版）</subfield>
  </datafield>
  <datafield tag="210" ind1="" ind2="">
   <subfield code="a">QIXIANG XUEBAO (YINGWENBAN)</subfield>
  </datafield>
  <datafield tag="210" ind1="" ind2="">
   <subfield code="a">ACTA METEOROL SIN</subfield>
  </datafield>
  <datafield tag="260" ind1="" ind2="">
   <subfield code="a">Beijing</subfield>
   <subfield code="b">China Meteorological Press</subfield>
  </datafield>
  <datafield tag="022" ind1="" ind2="">
   <subfield code="a">0894-0525</subfield>
  </datafield>
  <datafield tag="776" ind1="" ind2="">
   <subfield code="x">2191-4788</subfield>
  </datafield>
  <datafield tag="090" ind1="" ind2="">
   <subfield code="a">958480264850</subfield>
  </datafield>
  <datafield tag="866" ind1="" ind2="">
   <subfield code="a">Available from 2011 volume: 25 issue: 1. </subfield>
   <subfield code="s">1000000000002533</subfield>
   <subfield code="t">1000000000001874</subfield>
   <subfield code="x">Canadian Research Knowledge Network Springer Link Current:Full Text</subfield>
   <subfield code="z">3400000000000706</subfield>
  </datafield>
 </record>