
 <record>
  <leader>-----nas-a2200000z--4500</leader>
  <controlfield tag="008">131125uuuuuuuuuxx-uu-|------u|----|eng-d</controlfield>
  <datafield tag="010" ind1="" ind2="">
   <subfield code="a">   00242167 </subfield>
  </datafield>
  <datafield tag="245" ind1="" ind2="0">
   <subfield code="a">Sports engineering</subfield>
  </datafield>
  <datafield tag="210" ind1="" ind2="">
   <subfield code="a">SPORTS ENG</subfield>
  </datafield>
  <datafield tag="260" ind1="" ind2="">
   <subfield code="a">Oxford</subfield>
   <subfield code="b">Published for the International Sports Engineering Association by Blackwell Science</subfield>
  </datafield>
  <datafield tag="022" ind1="" ind2="">
   <subfield code="a">1369-7072</subfield>
  </datafield>
  <datafield tag="776" ind1="" ind2="">
   <subfield code="x">1460-2687</subfield>
  </datafield>
  <datafield tag="090" ind1="" ind2="">
   <subfield code="a">959328104028</subfield>
  </datafield>
  <datafield tag="866" ind1="" ind2="">
   <subfield code="a">Available from 2003 volume: 6 issue: 1. </subfield>
   <subfield code="s">1000000000002533</subfield>
   <subfield code="t">1000000000001874</subfield>
   <subfield code="x">Canadian Research Knowledge Network Springer Link Current:Full Text</subfield>
   <subfield code="z">1000000001825993</subfield>
  </datafield>
 </record>