
 <record>
  <leader>-----nas-a2200000z--4500</leader>
  <controlfield tag="008">131125uuuuuuuuuxx-uu-|------u|----|eng-d</controlfield>
  <datafield tag="010" ind1="" ind2="">
   <subfield code="a">   00252059 </subfield>
  </datafield>
  <datafield tag="245" ind1="" ind2="4">
   <subfield code="a">The European physical journal. E, Soft matter</subfield>
  </datafield>
  <datafield tag="210" ind1="" ind2="">
   <subfield code="a">EUROPEAN PHYSICAL JOURNAL E SOFT MATTER</subfield>
  </datafield>
  <datafield tag="210" ind1="" ind2="">
   <subfield code="a">EUROPEAN PHYSICAL JOURNAL E EPJ E</subfield>
  </datafield>
  <datafield tag="210" ind1="" ind2="">
   <subfield code="a">THE EUROPEAN PHYSICAL JOURNAL E</subfield>
  </datafield>
  <datafield tag="210" ind1="" ind2="">
   <subfield code="a">EUROPEAN PHYSICAL JOURNAL E</subfield>
  </datafield>
  <datafield tag="210" ind1="" ind2="">
   <subfield code="a">EUR PHYS J E</subfield>
  </datafield>
  <datafield tag="210" ind1="" ind2="">
   <subfield code="a">EUR PHYS J E SOFT MATTER</subfield>
  </datafield>
  <datafield tag="210" ind1="" ind2="">
   <subfield code="a">EUROPEAN PHYSICAL JOURNAL E: SOFT MATTER AND BIOLOGICAL PHYSICS</subfield>
  </datafield>
  <datafield tag="210" ind1="" ind2="">
   <subfield code="a">EUROPEAN PHYSICAL JOURNAL</subfield>
  </datafield>
  <datafield tag="210" ind1="" ind2="">
   <subfield code="a">EUROPEAN PHYSICAL JOURNAL. E, SOFT MATTER</subfield>
  </datafield>
  <datafield tag="210" ind1="" ind2="">
   <subfield code="a">EUROPEAN PHYSICAL JOURNAL E - SOFT MATTER AND BIOLOGICAL PHYSICS</subfield>
  </datafield>
  <datafield tag="210" ind1="" ind2="">
   <subfield code="a">EUROPEAN PHYSICAL JOURNAL E - SOFT MATTER</subfield>
  </datafield>
  <datafield tag="260" ind1="" ind2="">
   <subfield code="a">Les Ulis, France</subfield>
   <subfield code="b">EDP Sciences :</subfield>
  </datafield>
  <datafield tag="022" ind1="" ind2="">
   <subfield code="a">1292-8941</subfield>
  </datafield>
  <datafield tag="776" ind1="" ind2="">
   <subfield code="x">1292-895X</subfield>
  </datafield>
  <datafield tag="090" ind1="" ind2="">
   <subfield code="a">959800436002</subfield>
  </datafield>
  <datafield tag="866" ind1="" ind2="">
   <subfield code="a">Available from 2000 volume: 1 issue: 1. </subfield>
   <subfield code="s">1000000000002533</subfield>
   <subfield code="t">1000000000001874</subfield>
   <subfield code="x">Canadian Research Knowledge Network Springer Link Current:Full Text</subfield>
   <subfield code="z">1000000000950020</subfield>
  </datafield>
 </record>