
 <record>
  <leader>-----nas-a2200000z--4500</leader>
  <controlfield tag="008">131125uuuuuuuuuxx-uu-|------u|----|eng-d</controlfield>
  <datafield tag="010" ind1="" ind2="">
   <subfield code="a">sn 89022368 </subfield>
  </datafield>
  <datafield tag="245" ind1="" ind2="0">
   <subfield code="a">American journal of criminal justice</subfield>
  </datafield>
  <datafield tag="210" ind1="" ind2="">
   <subfield code="a">AMERICAN JOURNAL OF CRIMINAL JUSTICE AJCJ</subfield>
  </datafield>
  <datafield tag="210" ind1="" ind2="">
   <subfield code="a">SOUTHERN JOURNAL OF CRIMINAL JUSTICE</subfield>
  </datafield>
  <datafield tag="260" ind1="" ind2="">
   <subfield code="a">[Richmond, Ky.]</subfield>
   <subfield code="b">College of Law Enforcement, Eastern Kentucky University</subfield>
  </datafield>
  <datafield tag="022" ind1="" ind2="">
   <subfield code="a">1066-2316</subfield>
  </datafield>
  <datafield tag="776" ind1="" ind2="">
   <subfield code="x">1936-1351</subfield>
  </datafield>
  <datafield tag="090" ind1="" ind2="">
   <subfield code="a">960238431027</subfield>
  </datafield>
  <datafield tag="866" ind1="" ind2="">
   <subfield code="a">Available from 1975 volume: 1 until 1996 volume: 20. </subfield>
   <subfield code="s">1000000000002986</subfield>
   <subfield code="t">1000000000002296</subfield>
   <subfield code="x">Canadian Research Knowledge Network Springer Link Archive:Full Text</subfield>
   <subfield code="z">1000000001826211</subfield>
  </datafield>
  <datafield tag="866" ind1="" ind2="">
   <subfield code="a">Available from 1997 volume: 21 issue: 2. </subfield>
   <subfield code="s">1000000000002533</subfield>
   <subfield code="t">1000000000001874</subfield>
   <subfield code="x">Canadian Research Knowledge Network Springer Link Current:Full Text</subfield>
   <subfield code="z">1000000000950200</subfield>
  </datafield>
 </record>