
 <record>
  <leader>-----nas-a2200000z--4500</leader>
  <controlfield tag="008">131125uuuuuuuuuxx-uu-|------u|----|eng-d</controlfield>
  <datafield tag="010" ind1="" ind2="">
   <subfield code="a">   89645561 </subfield>
  </datafield>
  <datafield tag="245" ind1="" ind2="0">
   <subfield code="a">Current psychology</subfield>
  </datafield>
  <datafield tag="210" ind1="" ind2="">
   <subfield code="a">CURRENT PSYCHOLOGY DEVELOPMENTAL LEARNING PERSONALITY SOCIAL</subfield>
  </datafield>
  <datafield tag="210" ind1="" ind2="">
   <subfield code="a">CURR PSYCHOL</subfield>
  </datafield>
  <datafield tag="210" ind1="" ind2="">
   <subfield code="a">CURRENT PSYCHOLOGY-RESEARCH &amp; REVIEWS</subfield>
  </datafield>
  <datafield tag="260" ind1="" ind2="">
   <subfield code="a">New Brunswick, N.J., USA</subfield>
   <subfield code="b">Transaction Periodicals Consortium, Rutgers University</subfield>
  </datafield>
  <datafield tag="022" ind1="" ind2="">
   <subfield code="a">1046-1310</subfield>
  </datafield>
  <datafield tag="776" ind1="" ind2="">
   <subfield code="x">1936-4733</subfield>
  </datafield>
  <datafield tag="090" ind1="" ind2="">
   <subfield code="a">960238560182</subfield>
  </datafield>
  <datafield tag="866" ind1="" ind2="">
   <subfield code="a">Available from 1981 volume: 1 issue: 1 until 1996 volume: 15. </subfield>
   <subfield code="s">1000000000002986</subfield>
   <subfield code="t">1000000000002296</subfield>
   <subfield code="x">Canadian Research Knowledge Network Springer Link Archive:Full Text</subfield>
   <subfield code="z">2900000000000127</subfield>
  </datafield>
  <datafield tag="866" ind1="" ind2="">
   <subfield code="a">Available from 1997 volume: 16 issue: 1. </subfield>
   <subfield code="s">1000000000002533</subfield>
   <subfield code="t">1000000000001874</subfield>
   <subfield code="x">Canadian Research Knowledge Network Springer Link Current:Full Text</subfield>
   <subfield code="z">2900000000000128</subfield>
  </datafield>
 </record>