
 <record>
  <leader>-----nas-a2200000z--4500</leader>
  <controlfield tag="008">131125uuuuuuuuuxx-uu-|------u|----|eng-d</controlfield>
  <datafield tag="010" ind1="" ind2="">
   <subfield code="a">sf 94091776 </subfield>
  </datafield>
  <datafield tag="245" ind1="" ind2="0">
   <subfield code="a">Human affairs</subfield>
  </datafield>
  <datafield tag="260" ind1="" ind2="">
   <subfield code="a">Bratislava</subfield>
   <subfield code="b">Historical Institute, Institute of Oriental and African Studies, Dept. of Social and Biological Communication, Slovak Academy of Sciences, Bratislava, VEDA, Pub. House of the Slovak Academy of Sciences, Bratislava, CSFR</subfield>
  </datafield>
  <datafield tag="022" ind1="" ind2="">
   <subfield code="a">1210-3055</subfield>
  </datafield>
  <datafield tag="776" ind1="" ind2="">
   <subfield code="x">1337-401X</subfield>
  </datafield>
  <datafield tag="090" ind1="" ind2="">
   <subfield code="a">960238676309</subfield>
  </datafield>
  <datafield tag="866" ind1="" ind2="">
   <subfield code="a">Available from 2011 volume: 21 issue: 1. </subfield>
   <subfield code="s">1000000000002533</subfield>
   <subfield code="t">1000000000001874</subfield>
   <subfield code="x">Canadian Research Knowledge Network Springer Link Current:Full Text</subfield>
   <subfield code="z">3390000000101015</subfield>
  </datafield>
 </record>