
 <record>
  <leader>-----nas-a2200000z--4500</leader>
  <controlfield tag="008">131125uuuuuuuuuxx-uu-|------u|----|eng-d</controlfield>
  <datafield tag="010" ind1="" ind2="">
   <subfield code="a">sf 95095422 </subfield>
  </datafield>
  <datafield tag="245" ind1="" ind2="0">
   <subfield code="a">Journal of poetry therapy</subfield>
  </datafield>
  <datafield tag="210" ind1="" ind2="">
   <subfield code="a">JOURNAL OF POETRY THERAPY</subfield>
  </datafield>
  <datafield tag="260" ind1="" ind2="">
   <subfield code="a">[London]</subfield>
   <subfield code="b">Brunner Routledge, Taylor &amp; Francis Healthsciences</subfield>
  </datafield>
  <datafield tag="022" ind1="" ind2="">
   <subfield code="a">0889-3675</subfield>
  </datafield>
  <datafield tag="776" ind1="" ind2="">
   <subfield code="x">1567-2344</subfield>
  </datafield>
  <datafield tag="090" ind1="" ind2="">
   <subfield code="a">960238824449</subfield>
  </datafield>
  <datafield tag="866" ind1="" ind2="">
   <subfield code="a">Available from 1990 volume: 4 issue: 1 until 1993 volume: 6 issue: 4. </subfield>
   <subfield code="b">$obj-&gt;parsedDate('&gt;=','1990','4','1') &amp;&amp; $obj-&gt;parsedDate('&lt;=','1993','6','4')</subfield>
   <subfield code="c">L</subfield>
   <subfield code="s">1000000000002986</subfield>
   <subfield code="t">1000000000002296</subfield>
   <subfield code="x">Canadian Research Knowledge Network Springer Link Archive:Full Text</subfield>
   <subfield code="z">1000000001789380</subfield>
  </datafield>
  <datafield tag="866" ind1="" ind2="">
   <subfield code="a">Available from 1997 volume: 11 issue: 2 until 2002 volume: 15 issue: 4. </subfield>
   <subfield code="b">$obj-&gt;parsedDate('&gt;=','1997','11','2') &amp;&amp; $obj-&gt;parsedDate('&lt;=','2002','15','4')</subfield>
   <subfield code="c">G</subfield>
   <subfield code="s">1000000000002533</subfield>
   <subfield code="t">1000000000001874</subfield>
   <subfield code="x">Canadian Research Knowledge Network Springer Link Current:Full Text</subfield>
   <subfield code="z">10920000000012798</subfield>
  </datafield>
 </record>