
 <record>
  <leader>-----nas-a2200000z--4500</leader>
  <controlfield tag="008">131125uuuuuuuuuxx-uu-|------u|----|ger-d</controlfield>
  <datafield tag="010" ind1="" ind2="">
   <subfield code="a">  2010263311</subfield>
  </datafield>
  <datafield tag="245" ind1="" ind2="">
   <subfield code="a">ÖZS, Österreichische Zeitschrift für Soziologie</subfield>
  </datafield>
  <datafield tag="210" ind1="" ind2="">
   <subfield code="a">OESTERREICHISCHE ZEITSCHRIFT FUER SOZIOLOGIE</subfield>
  </datafield>
  <datafield tag="260" ind1="" ind2="">
   <subfield code="a">[Wien]</subfield>
   <subfield code="b">Österreichische Gesellschaft für Soziologie.</subfield>
  </datafield>
  <datafield tag="022" ind1="" ind2="">
   <subfield code="a">1011-0070</subfield>
  </datafield>
  <datafield tag="776" ind1="" ind2="">
   <subfield code="x">1862-2585</subfield>
  </datafield>
  <datafield tag="090" ind1="" ind2="">
   <subfield code="a">960238945597</subfield>
  </datafield>
  <datafield tag="866" ind1="" ind2="">
   <subfield code="a">Available from 2001 volume: 26 issue: 1. </subfield>
   <subfield code="b">$obj-&gt;parsedDate("&gt;=",2001,26,1)</subfield>
   <subfield code="c">L</subfield>
   <subfield code="s">1000000000002533</subfield>
   <subfield code="t">1000000000001874</subfield>
   <subfield code="x">Canadian Research Knowledge Network Springer Link Current:Full Text</subfield>
   <subfield code="z">1000000000949801</subfield>
  </datafield>
 </record>