
 <record>
  <leader>-----nas-a2200000z--4500</leader>
  <controlfield tag="008">131125uuuuuuuuuxx-uu-|------u|----|eng-d</controlfield>
  <datafield tag="010" ind1="" ind2="">
   <subfield code="a">   55018429 </subfield>
  </datafield>
  <datafield tag="245" ind1="" ind2="0">
   <subfield code="a">Pastoral psychology</subfield>
  </datafield>
  <datafield tag="210" ind1="" ind2="">
   <subfield code="a">PASTORAL PSYCHOL</subfield>
  </datafield>
  <datafield tag="260" ind1="" ind2="">
   <subfield code="a">[New York, etc.,]</subfield>
   <subfield code="b">[Human Sciences Press, etc.]</subfield>
  </datafield>
  <datafield tag="022" ind1="" ind2="">
   <subfield code="a">0031-2789</subfield>
  </datafield>
  <datafield tag="776" ind1="" ind2="">
   <subfield code="x">1573-6679</subfield>
  </datafield>
  <datafield tag="090" ind1="" ind2="">
   <subfield code="a">960238952604</subfield>
  </datafield>
  <datafield tag="866" ind1="" ind2="">
   <subfield code="a">Available from 1950 volume: 1 issue: 1 until 1996. </subfield>
   <subfield code="s">1000000000002986</subfield>
   <subfield code="t">1000000000002296</subfield>
   <subfield code="x">Canadian Research Knowledge Network Springer Link Archive:Full Text</subfield>
   <subfield code="z">1000000001789207</subfield>
  </datafield>
  <datafield tag="866" ind1="" ind2="">
   <subfield code="a">Available from 1996 volume: 45 issue: 1. </subfield>
   <subfield code="s">1000000000002533</subfield>
   <subfield code="t">1000000000001874</subfield>
   <subfield code="x">Canadian Research Knowledge Network Springer Link Current:Full Text</subfield>
   <subfield code="z">1000000000949806</subfield>
  </datafield>
 </record>