
 <record>
  <leader>-----nas-a2200000z--4500</leader>
  <controlfield tag="008">131125uuuuuuuuuxx-uu-|------u|----|ger-d</controlfield>
  <datafield tag="010" ind1="" ind2="">
   <subfield code="a">  2001238187</subfield>
  </datafield>
  <datafield tag="245" ind1="" ind2="0">
   <subfield code="a">Publizistik</subfield>
  </datafield>
  <datafield tag="210" ind1="" ind2="">
   <subfield code="a">PUBLIZISTIK VIERTELJAHRESHEFTE FUER KOMMUNIKATIONSFORSCHUNG</subfield>
  </datafield>
  <datafield tag="260" ind1="" ind2="">
   <subfield code="a">[Konstanz, etc.]</subfield>
   <subfield code="b">Druckerei und Verlagsanstalt Konstanz Universitatsverlag [etc.]</subfield>
  </datafield>
  <datafield tag="022" ind1="" ind2="">
   <subfield code="a">0033-4006</subfield>
  </datafield>
  <datafield tag="776" ind1="" ind2="">
   <subfield code="x">1862-2569</subfield>
  </datafield>
  <datafield tag="090" ind1="" ind2="">
   <subfield code="a">960239002664</subfield>
  </datafield>
  <datafield tag="866" ind1="" ind2="">
   <subfield code="a">Available from 2000 volume: 45 issue: 1. </subfield>
   <subfield code="s">1000000000002533</subfield>
   <subfield code="t">1000000000001874</subfield>
   <subfield code="x">Canadian Research Knowledge Network Springer Link Current:Full Text</subfield>
   <subfield code="z">1000000000949883</subfield>
  </datafield>
 </record>