
 <record>
  <leader>-----nas-a2200000z--4500</leader>
  <controlfield tag="008">131125uuuuuuuuuxx-uu-|------u|----|eng-d</controlfield>
  <datafield tag="010" ind1="" ind2="">
   <subfield code="a">   98645418 </subfield>
  </datafield>
  <datafield tag="245" ind1="" ind2="0">
   <subfield code="a">Voluntas</subfield>
  </datafield>
  <datafield tag="210" ind1="" ind2="">
   <subfield code="a">VOLUNTAS INTERNATIONAL JOURNAL OF VOLUNTARY AND NONPROFIT ORGANIZATIONS</subfield>
  </datafield>
  <datafield tag="210" ind1="" ind2="">
   <subfield code="a">VOLUNTAS INTERNATIONAL JOURNAL OF VOLUNTARY AND NONPROFIT ORGANISATIONS</subfield>
  </datafield>
  <datafield tag="210" ind1="" ind2="">
   <subfield code="a">VOLUNTAS</subfield>
  </datafield>
  <datafield tag="210" ind1="" ind2="">
   <subfield code="a">VOLUNTAS; MANCHESTER</subfield>
  </datafield>
  <datafield tag="260" ind1="" ind2="">
   <subfield code="a">[Manchester, England]</subfield>
   <subfield code="b">Manchester University Press with the support of the Charities Aid Foundation</subfield>
  </datafield>
  <datafield tag="022" ind1="" ind2="">
   <subfield code="a">0957-8765</subfield>
  </datafield>
  <datafield tag="776" ind1="" ind2="">
   <subfield code="x">1573-7888</subfield>
  </datafield>
  <datafield tag="090" ind1="" ind2="">
   <subfield code="a">960239210910</subfield>
  </datafield>
  <datafield tag="866" ind1="" ind2="">
   <subfield code="a">Available from 1990 volume: 1 issue: 1 until 1996. </subfield>
   <subfield code="s">1000000000002986</subfield>
   <subfield code="t">1000000000002296</subfield>
   <subfield code="x">Canadian Research Knowledge Network Springer Link Archive:Full Text</subfield>
   <subfield code="z">1000000001789114</subfield>
  </datafield>
  <datafield tag="866" ind1="" ind2="">
   <subfield code="a">Available from 1997 volume: 8 issue: 1. </subfield>
   <subfield code="s">1000000000002533</subfield>
   <subfield code="t">1000000000001874</subfield>
   <subfield code="x">Canadian Research Knowledge Network Springer Link Current:Full Text</subfield>
   <subfield code="z">1000000000950084</subfield>
  </datafield>
 </record>