
 <record>
  <leader>-----nas-a2200000z--4500</leader>
  <controlfield tag="008">131125uuuuuuuuuxx-uu-|------u|----|eng-d</controlfield>
  <datafield tag="010" ind1="" ind2="">
   <subfield code="a">   00227315 </subfield>
  </datafield>
  <datafield tag="245" ind1="" ind2="0">
   <subfield code="a">Structural and multidisciplinary optimization</subfield>
  </datafield>
  <datafield tag="210" ind1="" ind2="">
   <subfield code="a">STRUCT MULTIDISCIP O</subfield>
  </datafield>
  <datafield tag="210" ind1="" ind2="">
   <subfield code="a">STRUCT. MULTIDISCIP. OPTIM</subfield>
  </datafield>
  <datafield tag="210" ind1="" ind2="">
   <subfield code="a">STRUCTURAL &amp; MULTIDISCIPLINARY OPTIMIZATION</subfield>
  </datafield>
  <datafield tag="260" ind1="" ind2="">
   <subfield code="a">Berlin</subfield>
   <subfield code="b">Springer-Verlag</subfield>
  </datafield>
  <datafield tag="022" ind1="" ind2="">
   <subfield code="a">1615-147X</subfield>
  </datafield>
  <datafield tag="776" ind1="" ind2="">
   <subfield code="x">1615-1488</subfield>
  </datafield>
  <datafield tag="090" ind1="" ind2="">
   <subfield code="a">960988235017</subfield>
  </datafield>
  <datafield tag="866" ind1="" ind2="">
   <subfield code="a">Available from 1989 volume: 1 issue: 1 until 1996. </subfield>
   <subfield code="s">1000000000002986</subfield>
   <subfield code="t">1000000000002296</subfield>
   <subfield code="x">Canadian Research Knowledge Network Springer Link Archive:Full Text</subfield>
   <subfield code="z">1000000001788743</subfield>
  </datafield>
  <datafield tag="866" ind1="" ind2="">
   <subfield code="a">Available from 1997 volume: 13 issue: 1. </subfield>
   <subfield code="s">1000000000002533</subfield>
   <subfield code="t">1000000000001874</subfield>
   <subfield code="x">Canadian Research Knowledge Network Springer Link Current:Full Text</subfield>
   <subfield code="z">1000000000949989</subfield>
  </datafield>
 </record>