
 <record>
  <leader>-----nas-a2200000z--4500</leader>
  <controlfield tag="008">131125uuuuuuuuuxx-uu-|------u|----|eng-d</controlfield>
  <datafield tag="010" ind1="" ind2="">
   <subfield code="a">  2004229185</subfield>
  </datafield>
  <datafield tag="245" ind1="" ind2="0">
   <subfield code="a">Journal of educational change</subfield>
  </datafield>
  <datafield tag="260" ind1="" ind2="">
   <subfield code="a">[Dordrecht]</subfield>
   <subfield code="b">Springer Science &amp; Business Media B.V.</subfield>
  </datafield>
  <datafield tag="022" ind1="" ind2="">
   <subfield code="a">1389-2843</subfield>
  </datafield>
  <datafield tag="776" ind1="" ind2="">
   <subfield code="x">1573-1812</subfield>
  </datafield>
  <datafield tag="090" ind1="" ind2="">
   <subfield code="a">963017817258</subfield>
  </datafield>
  <datafield tag="866" ind1="" ind2="">
   <subfield code="a">Available from 2000 volume: 1 issue: 1. </subfield>
   <subfield code="s">1000000000002533</subfield>
   <subfield code="t">1000000000001874</subfield>
   <subfield code="x">Canadian Research Knowledge Network Springer Link Current:Full Text</subfield>
   <subfield code="z">1000000000949484</subfield>
  </datafield>
 </record>