
 <record>
  <leader>-----nas-a2200000z--4500</leader>
  <controlfield tag="008">131125uuuuuuuuuxx-uu-|------u|----|eng-d</controlfield>
  <datafield tag="010" ind1="" ind2="">
   <subfield code="a">  2008233939</subfield>
  </datafield>
  <datafield tag="245" ind1="" ind2="0">
   <subfield code="a">Reviews in endocrine and metabolic disorders</subfield>
  </datafield>
  <datafield tag="210" ind1="" ind2="">
   <subfield code="a">REV ENDOCR METAB DISORD</subfield>
  </datafield>
  <datafield tag="210" ind1="" ind2="">
   <subfield code="a">REVIEWS IN ENDOCRINE AND METABOLIC DISORDERS</subfield>
  </datafield>
  <datafield tag="210" ind1="" ind2="">
   <subfield code="a">REV ENDOCR METAB DIS</subfield>
  </datafield>
  <datafield tag="260" ind1="" ind2="">
   <subfield code="a">Netherlands</subfield>
   <subfield code="b">Springer US</subfield>
  </datafield>
  <datafield tag="022" ind1="" ind2="">
   <subfield code="a">1389-9155</subfield>
  </datafield>
  <datafield tag="776" ind1="" ind2="">
   <subfield code="x">1573-2606</subfield>
  </datafield>
  <datafield tag="090" ind1="" ind2="">
   <subfield code="a">963017817262</subfield>
  </datafield>
  <datafield tag="866" ind1="" ind2="">
   <subfield code="a">Available from 2000 volume: 1 issue: 1. </subfield>
   <subfield code="s">1000000000002533</subfield>
   <subfield code="t">1000000000001874</subfield>
   <subfield code="x">Canadian Research Knowledge Network Springer Link Current:Full Text</subfield>
   <subfield code="z">1000000000949917</subfield>
  </datafield>
 </record>