
 <record>
  <leader>-----nas-a2200000z--4500</leader>
  <controlfield tag="008">131125uuuuuuuuuxx-uu-|------u|----|eng-d</controlfield>
  <datafield tag="245" ind1="" ind2="0">
   <subfield code="a">Cell and tissue banking</subfield>
  </datafield>
  <datafield tag="210" ind1="" ind2="">
   <subfield code="a">CELL TISSUE BANK</subfield>
  </datafield>
  <datafield tag="210" ind1="" ind2="">
   <subfield code="a">CELL &amp; TISSUE BANKING</subfield>
  </datafield>
  <datafield tag="260" ind1="" ind2="">
   <subfield code="a">Dordrecht, the Netherlands</subfield>
   <subfield code="b">Springer Netherlands</subfield>
  </datafield>
  <datafield tag="022" ind1="" ind2="">
   <subfield code="a">1389-9333</subfield>
  </datafield>
  <datafield tag="776" ind1="" ind2="">
   <subfield code="x">1573-6814</subfield>
  </datafield>
  <datafield tag="090" ind1="" ind2="">
   <subfield code="a">963017818263</subfield>
  </datafield>
  <datafield tag="866" ind1="" ind2="">
   <subfield code="a">Available from 2000 volume: 1 issue: 1. </subfield>
   <subfield code="s">1000000000002533</subfield>
   <subfield code="t">1000000000001874</subfield>
   <subfield code="x">Canadian Research Knowledge Network Springer Link Current:Full Text</subfield>
   <subfield code="z">1000000000949010</subfield>
  </datafield>
 </record>