
 <record>
  <leader>-----nas-a2200000z--4500</leader>
  <controlfield tag="008">131125uuuuuuuuuxx-uu-|------u|----|eng-d</controlfield>
  <datafield tag="010" ind1="" ind2="">
   <subfield code="a">  2003249030</subfield>
  </datafield>
  <datafield tag="245" ind1="" ind2="0">
   <subfield code="a">Regular and chaotic dynamics</subfield>
  </datafield>
  <datafield tag="210" ind1="" ind2="">
   <subfield code="a">REGULAR AND CHAOTIC DYNAMICS</subfield>
  </datafield>
  <datafield tag="210" ind1="" ind2="">
   <subfield code="a">REGUL. CHAOTIC DYN</subfield>
  </datafield>
  <datafield tag="210" ind1="" ind2="">
   <subfield code="a">REGUL CHAOTIC DYN</subfield>
  </datafield>
  <datafield tag="260" ind1="" ind2="">
   <subfield code="a">London, England</subfield>
   <subfield code="b">Turpion</subfield>
  </datafield>
  <datafield tag="022" ind1="" ind2="">
   <subfield code="a">1560-3547</subfield>
  </datafield>
  <datafield tag="776" ind1="" ind2="">
   <subfield code="x">1468-4845</subfield>
  </datafield>
  <datafield tag="090" ind1="" ind2="">
   <subfield code="a">963017856335</subfield>
  </datafield>
  <datafield tag="866" ind1="" ind2="">
   <subfield code="a">Available from 2007 volume: 12 issue: 1. </subfield>
   <subfield code="b">$obj-&gt;parsedDate('&gt;=','2007','12','1')</subfield>
   <subfield code="c">L</subfield>
   <subfield code="s">1000000000002533</subfield>
   <subfield code="t">1000000000001874</subfield>
   <subfield code="x">Canadian Research Knowledge Network Springer Link Current:Full Text</subfield>
   <subfield code="z">1000000001826032</subfield>
  </datafield>
 </record>