
 <record>
  <leader>-----nas-a2200000z--4500</leader>
  <controlfield tag="008">131125uuuuuuuuuxx-uu-|------u|----|ger-d</controlfield>
  <datafield tag="010" ind1="" ind2="">
   <subfield code="a">sc 82005045 </subfield>
  </datafield>
  <datafield tag="245" ind1="" ind2="0">
   <subfield code="a">Mathematische Semesterberichte</subfield>
  </datafield>
  <datafield tag="210" ind1="" ind2="">
   <subfield code="a">MATH. SEMESTERBER</subfield>
  </datafield>
  <datafield tag="260" ind1="" ind2="">
   <subfield code="a">Göttingen [Germany]</subfield>
   <subfield code="b">Vanderhoeck &amp; Ruprecht</subfield>
  </datafield>
  <datafield tag="022" ind1="" ind2="">
   <subfield code="a">0720-728X</subfield>
  </datafield>
  <datafield tag="776" ind1="" ind2="">
   <subfield code="x">1432-1815</subfield>
  </datafield>
  <datafield tag="090" ind1="" ind2="">
   <subfield code="a">963018115766</subfield>
  </datafield>
  <datafield tag="866" ind1="" ind2="">
   <subfield code="a">Available from 1995 volume: 42 issue: 1 until 1996. </subfield>
   <subfield code="s">1000000000002986</subfield>
   <subfield code="t">1000000000002296</subfield>
   <subfield code="x">Canadian Research Knowledge Network Springer Link Archive:Full Text</subfield>
   <subfield code="z">1000000001789214</subfield>
  </datafield>
  <datafield tag="866" ind1="" ind2="">
   <subfield code="a">Available from 1997 volume: 44 issue: 1. </subfield>
   <subfield code="s">1000000000002533</subfield>
   <subfield code="t">1000000000001874</subfield>
   <subfield code="x">Canadian Research Knowledge Network Springer Link Current:Full Text</subfield>
   <subfield code="z">1000000001825883</subfield>
  </datafield>
 </record>