
 <record>
  <leader>-----nas-a2200000z--4500</leader>
  <controlfield tag="008">131125uuuuuuuuuxx-uu-|------u|----|eng-d</controlfield>
  <datafield tag="010" ind1="" ind2="">
   <subfield code="a">  2008233212</subfield>
  </datafield>
  <datafield tag="245" ind1="" ind2="0">
   <subfield code="a">World wide web</subfield>
  </datafield>
  <datafield tag="210" ind1="" ind2="">
   <subfield code="a">WORLD WIDE WEB BUSSUM</subfield>
  </datafield>
  <datafield tag="260" ind1="" ind2="">
   <subfield code="a">[Amsterdam, the Netherlands]</subfield>
   <subfield code="b">Baltzer Science Publishers</subfield>
  </datafield>
  <datafield tag="022" ind1="" ind2="">
   <subfield code="a">1386-145X</subfield>
  </datafield>
  <datafield tag="776" ind1="" ind2="">
   <subfield code="x">1573-1413</subfield>
  </datafield>
  <datafield tag="090" ind1="" ind2="">
   <subfield code="a">963018350360</subfield>
  </datafield>
  <datafield tag="866" ind1="" ind2="">
   <subfield code="a">Available from 1998 volume: 1 issue: 1. </subfield>
   <subfield code="s">1000000000002533</subfield>
   <subfield code="t">1000000000001874</subfield>
   <subfield code="x">Canadian Research Knowledge Network Springer Link Current:Full Text</subfield>
   <subfield code="z">1000000000950102</subfield>
  </datafield>
 </record>