
 <record>
  <leader>-----nas-a2200000z--4500</leader>
  <controlfield tag="008">131125uuuuuuuuuxx-uu-|------u|----|eng-d</controlfield>
  <datafield tag="010" ind1="" ind2="">
   <subfield code="a">sn 98007787 </subfield>
  </datafield>
  <datafield tag="245" ind1="" ind2="0">
   <subfield code="a">GPS solutions</subfield>
  </datafield>
  <datafield tag="210" ind1="" ind2="">
   <subfield code="a">GPS SOLUT</subfield>
  </datafield>
  <datafield tag="260" ind1="" ind2="">
   <subfield code="a">New York, NY</subfield>
   <subfield code="b">John Wiley &amp; Sons</subfield>
  </datafield>
  <datafield tag="022" ind1="" ind2="">
   <subfield code="a">1080-5370</subfield>
  </datafield>
  <datafield tag="776" ind1="" ind2="">
   <subfield code="x">1521-1886</subfield>
  </datafield>
  <datafield tag="090" ind1="" ind2="">
   <subfield code="a">974740727029</subfield>
  </datafield>
  <datafield tag="866" ind1="" ind2="">
   <subfield code="a">Available from 1998 volume: 2 issue: 1. </subfield>
   <subfield code="s">1000000000002533</subfield>
   <subfield code="t">1000000000001874</subfield>
   <subfield code="x">Canadian Research Knowledge Network Springer Link Current:Full Text</subfield>
   <subfield code="z">1000000000949269</subfield>
  </datafield>
 </record>