
 <record>
  <leader>-----nas-a2200000z--4500</leader>
  <controlfield tag="008">131125uuuuuuuuuxx-uu-|------u|----|eng-d</controlfield>
  <datafield tag="010" ind1="" ind2="">
   <subfield code="a">   74004353 </subfield>
  </datafield>
  <datafield tag="245" ind1="" ind2="0">
   <subfield code="a">Journal of Contemporary Psychotherapy</subfield>
  </datafield>
  <datafield tag="260" ind1="" ind2="">
   <subfield code="a">[New York, N.Y.]</subfield>
   <subfield code="b">Kluwer Academic-Plenum-Human Sciences Press</subfield>
  </datafield>
  <datafield tag="022" ind1="" ind2="">
   <subfield code="a">0022-0116</subfield>
  </datafield>
  <datafield tag="776" ind1="" ind2="">
   <subfield code="x">1573-3564</subfield>
  </datafield>
  <datafield tag="090" ind1="" ind2="">
   <subfield code="a">110974993510307</subfield>
  </datafield>
  <datafield tag="866" ind1="" ind2="">
   <subfield code="a">Available from 1968 volume: 1 issue: 1 until 1996. </subfield>
   <subfield code="s">1000000000002986</subfield>
   <subfield code="t">1000000000002296</subfield>
   <subfield code="x">Canadian Research Knowledge Network Springer Link Archive:Full Text</subfield>
   <subfield code="z">1000000001789045</subfield>
  </datafield>
  <datafield tag="866" ind1="" ind2="">
   <subfield code="a">Available from 1997 volume: 27 issue: 1. </subfield>
   <subfield code="s">1000000000002533</subfield>
   <subfield code="t">1000000000001874</subfield>
   <subfield code="x">Canadian Research Knowledge Network Springer Link Current:Full Text</subfield>
   <subfield code="z">1000000000949471</subfield>
  </datafield>
 </record>