
 <record>
  <leader>-----nas-a2200000z--4500</leader>
  <controlfield tag="008">131125uuuuuuuuuxx-uu-|------u|----|spa-d</controlfield>
  <datafield tag="010" ind1="" ind2="">
   <subfield code="a">sf 80001222 </subfield>
  </datafield>
  <datafield tag="245" ind1="" ind2="0">
   <subfield code="a">Algebra and logic</subfield>
  </datafield>
  <datafield tag="210" ind1="" ind2="">
   <subfield code="a">ALGEBRA LOGIC</subfield>
  </datafield>
  <datafield tag="210" ind1="" ind2="">
   <subfield code="a">ALGEBR LOG+</subfield>
  </datafield>
  <datafield tag="260" ind1="" ind2="">
   <subfield code="a">[New York, N.Y.]</subfield>
   <subfield code="b">Plenum Pub.</subfield>
  </datafield>
  <datafield tag="022" ind1="" ind2="">
   <subfield code="a">0002-5232</subfield>
  </datafield>
  <datafield tag="776" ind1="" ind2="">
   <subfield code="x">1573-8302</subfield>
  </datafield>
  <datafield tag="090" ind1="" ind2="">
   <subfield code="a">110974993863430</subfield>
  </datafield>
  <datafield tag="866" ind1="" ind2="">
   <subfield code="a">Available from 1968 volume: 7 issue: 1 until 1996. </subfield>
   <subfield code="s">1000000000002986</subfield>
   <subfield code="t">1000000000002296</subfield>
   <subfield code="x">Canadian Research Knowledge Network Springer Link Archive:Full Text</subfield>
   <subfield code="z">1000000001789182</subfield>
  </datafield>
  <datafield tag="866" ind1="" ind2="">
   <subfield code="a">Available from 1997 volume: 35 issue: 1. </subfield>
   <subfield code="s">1000000000002533</subfield>
   <subfield code="t">1000000000001874</subfield>
   <subfield code="x">Canadian Research Knowledge Network Springer Link Current:Full Text</subfield>
   <subfield code="z">1000000000948862</subfield>
  </datafield>
 </record>