
 <record>
  <leader>-----nas-a2200000z--4500</leader>
  <controlfield tag="008">131125uuuuuuuuuxx-uu-|------u|----|eng-d</controlfield>
  <datafield tag="010" ind1="" ind2="">
   <subfield code="a">  2004229336</subfield>
  </datafield>
  <datafield tag="245" ind1="" ind2="0">
   <subfield code="a">Russian microelectronics</subfield>
  </datafield>
  <datafield tag="210" ind1="" ind2="">
   <subfield code="a">RUSS. MICROLECTRON</subfield>
  </datafield>
  <datafield tag="260" ind1="" ind2="">
   <subfield code="a">New York</subfield>
   <subfield code="b">Consultants Bureau</subfield>
  </datafield>
  <datafield tag="022" ind1="" ind2="">
   <subfield code="a">1063-7397</subfield>
  </datafield>
  <datafield tag="776" ind1="" ind2="">
   <subfield code="x">1608-3415</subfield>
  </datafield>
  <datafield tag="090" ind1="" ind2="">
   <subfield code="a">110974993863554</subfield>
  </datafield>
  <datafield tag="866" ind1="" ind2="">
   <subfield code="a">Available from 2000 volume: 29 issue: 1. </subfield>
   <subfield code="s">1000000000002533</subfield>
   <subfield code="t">1000000000001874</subfield>
   <subfield code="x">Canadian Research Knowledge Network Springer Link Current:Full Text</subfield>
   <subfield code="z">1000000000949939</subfield>
  </datafield>
 </record>