
 <record>
  <leader>-----nas-a2200000z--4500</leader>
  <controlfield tag="008">131125uuuuuuuuuxx-uu-|------u|----|eng-d</controlfield>
  <datafield tag="010" ind1="" ind2="">
   <subfield code="a">   82913300 </subfield>
  </datafield>
  <datafield tag="245" ind1="" ind2="0">
   <subfield code="a">Journal of the Indian Society of Remote Sensing</subfield>
  </datafield>
  <datafield tag="210" ind1="" ind2="">
   <subfield code="a">JOURNAL OF THE INDIAN SOCIETY OF REMOTE SENSIN</subfield>
  </datafield>
  <datafield tag="210" ind1="" ind2="">
   <subfield code="a">PHOTONIRVACHAK</subfield>
  </datafield>
  <datafield tag="210" ind1="" ind2="">
   <subfield code="a">JOURNAL OF INDIAN SOCIETY OF PHOTO-INTERPRETATION AND REMOTE SENSING</subfield>
  </datafield>
  <datafield tag="210" ind1="" ind2="">
   <subfield code="a">J INDIAN SOC REMOTE</subfield>
  </datafield>
  <datafield tag="260" ind1="" ind2="">
   <subfield code="a">Dehra Dun</subfield>
   <subfield code="b">Indian Society of Photo-interpretation</subfield>
  </datafield>
  <datafield tag="022" ind1="" ind2="">
   <subfield code="a">0255-660X</subfield>
  </datafield>
  <datafield tag="776" ind1="" ind2="">
   <subfield code="x">0974-3006</subfield>
  </datafield>
  <datafield tag="090" ind1="" ind2="">
   <subfield code="a">110975506069933</subfield>
  </datafield>
  <datafield tag="866" ind1="" ind2="">
   <subfield code="a">Available from 1973 until 1996. </subfield>
   <subfield code="b">$obj-&gt;parsedDate('&gt;=','1973',undef,undef) &amp;&amp; $obj-&gt;parsedDate('&lt;=','1996',undef,undef)</subfield>
   <subfield code="c">L</subfield>
   <subfield code="s">1000000000002986</subfield>
   <subfield code="t">1000000000002296</subfield>
   <subfield code="x">Canadian Research Knowledge Network Springer Link Archive:Full Text</subfield>
   <subfield code="z">1000000001826130</subfield>
  </datafield>
  <datafield tag="866" ind1="" ind2="">
   <subfield code="a">Available from 1997 until 2009. </subfield>
   <subfield code="b">$obj-&gt;parsedDate('&gt;=','1997',undef,undef) &amp;&amp; $obj-&gt;parsedDate('&lt;=','2009',undef,undef)</subfield>
   <subfield code="c">L</subfield>
   <subfield code="s">1000000000002533</subfield>
   <subfield code="t">1000000000001874</subfield>
   <subfield code="x">Canadian Research Knowledge Network Springer Link Current:Full Text</subfield>
   <subfield code="z">1000000001825875</subfield>
  </datafield>
 </record>