
 <record>
  <leader>-----nas-a2200000z--4500</leader>
  <controlfield tag="008">131125uuuuuuuuuxx-uu-|------u|----|eng-d</controlfield>
  <datafield tag="010" ind1="" ind2="">
   <subfield code="a">sn 95026522 </subfield>
  </datafield>
  <datafield tag="245" ind1="" ind2="0">
   <subfield code="a">Journal of Applied Genetics</subfield>
  </datafield>
  <datafield tag="210" ind1="" ind2="">
   <subfield code="a">JOURNAL OF APPLIED GENETICS AN INTERNATIONAL JOURNAL OF GENETICS AND BREEDING</subfield>
  </datafield>
  <datafield tag="210" ind1="" ind2="">
   <subfield code="a">J APPL GENET</subfield>
  </datafield>
  <datafield tag="260" ind1="" ind2="">
   <subfield code="a">Poznań, Poland</subfield>
   <subfield code="b">Institute of Plant Genetics, Polish Academy of Sciences</subfield>
  </datafield>
  <datafield tag="022" ind1="" ind2="">
   <subfield code="a">1234-1983</subfield>
  </datafield>
  <datafield tag="776" ind1="" ind2="">
   <subfield code="x">2190-3883</subfield>
  </datafield>
  <datafield tag="090" ind1="" ind2="">
   <subfield code="a">110975506071993</subfield>
  </datafield>
  <datafield tag="866" ind1="" ind2="">
   <subfield code="a">Available from 2006 volume: 47 issue: 1. </subfield>
   <subfield code="s">1000000000002533</subfield>
   <subfield code="t">1000000000001874</subfield>
   <subfield code="x">Canadian Research Knowledge Network Springer Link Current:Full Text</subfield>
   <subfield code="z">3360000000369316</subfield>
  </datafield>
 </record>