
 <record>
  <leader>-----nas-a2200000z--4500</leader>
  <controlfield tag="008">131125uuuuuuuuuxx-uu-|------u|----|eng-d</controlfield>
  <datafield tag="010" ind1="" ind2="">
   <subfield code="a">   96656607 </subfield>
  </datafield>
  <datafield tag="245" ind1="" ind2="0">
   <subfield code="a">Cellular &amp; Molecular Biology Letters</subfield>
  </datafield>
  <datafield tag="210" ind1="" ind2="">
   <subfield code="a">CELLULAR AND MOLECULAR BIOLOGY LETTERS AN INTERNATIONAL JOURNAL</subfield>
  </datafield>
  <datafield tag="210" ind1="" ind2="">
   <subfield code="a">CELL MOL BIOL LETT</subfield>
  </datafield>
  <datafield tag="210" ind1="" ind2="">
   <subfield code="a">CELLULAR AND MOLECULAR BIOLOGY LETTERS</subfield>
  </datafield>
  <datafield tag="260" ind1="" ind2="">
   <subfield code="a">Wrocław, Poland</subfield>
   <subfield code="b">Versita, co-published with Springer</subfield>
  </datafield>
  <datafield tag="022" ind1="" ind2="">
   <subfield code="a">1425-8153</subfield>
  </datafield>
  <datafield tag="776" ind1="" ind2="">
   <subfield code="x">1689-1392</subfield>
  </datafield>
  <datafield tag="090" ind1="" ind2="">
   <subfield code="a">110975506072203</subfield>
  </datafield>
  <datafield tag="866" ind1="" ind2="">
   <subfield code="a">Available from 2006 volume: 11 issue: 1. </subfield>
   <subfield code="s">1000000000002533</subfield>
   <subfield code="t">1000000000001874</subfield>
   <subfield code="x">Canadian Research Knowledge Network Springer Link Current:Full Text</subfield>
   <subfield code="z">1000000001825994</subfield>
  </datafield>
 </record>