
 <record>
  <leader>-----nas-a2200000z--4500</leader>
  <controlfield tag="008">131125uuuuuuuuuxx-uu-|------u|----|eng-d</controlfield>
  <datafield tag="010" ind1="" ind2="">
   <subfield code="a">   00243517 </subfield>
  </datafield>
  <datafield tag="245" ind1="" ind2="4">
   <subfield code="a">The Journal of headache and pain</subfield>
  </datafield>
  <datafield tag="210" ind1="" ind2="">
   <subfield code="a">JOURNAL OF HEADACHE AND PAIN</subfield>
  </datafield>
  <datafield tag="210" ind1="" ind2="">
   <subfield code="a">J HEADACHE PAIN</subfield>
  </datafield>
  <datafield tag="210" ind1="" ind2="">
   <subfield code="a">JOURNAL OF HEADACHE AND PAIN; OFFICIAL JOURNAL OF THE ITALIAN SOCIETY FOR THE STUDY OF HEADACHES</subfield>
  </datafield>
  <datafield tag="210" ind1="" ind2="">
   <subfield code="a">THE JOURNAL OF HEADACHE &amp; PAIN; OFFICIAL JOURNAL OF THE ITALIAN SOCIETY FOR THE STUDY OF HEADACHES</subfield>
  </datafield>
  <datafield tag="260" ind1="" ind2="">
   <subfield code="a">Milano</subfield>
   <subfield code="b">Springer Verlag Italia</subfield>
  </datafield>
  <datafield tag="022" ind1="" ind2="">
   <subfield code="a">1129-2369</subfield>
  </datafield>
  <datafield tag="776" ind1="" ind2="">
   <subfield code="x">1129-2377</subfield>
  </datafield>
  <datafield tag="090" ind1="" ind2="">
   <subfield code="a">110975573242496</subfield>
  </datafield>
  <datafield tag="866" ind1="" ind2="">
   <subfield code="a">Available from 2000 volume: 1 issue: 1. </subfield>
   <subfield code="s">1000000000002533</subfield>
   <subfield code="t">1000000000001874</subfield>
   <subfield code="x">Canadian Research Knowledge Network Springer Link Current:Full Text</subfield>
   <subfield code="z">1000000000950028</subfield>
  </datafield>
 </record>