
 <record>
  <leader>-----nas-a2200000z--4500</leader>
  <controlfield tag="008">131125uuuuuuuuuxx-uu-|------u|----|eng-d</controlfield>
  <datafield tag="010" ind1="" ind2="">
   <subfield code="a">   89640899 </subfield>
  </datafield>
  <datafield tag="245" ind1="" ind2="0">
   <subfield code="a">Chinese journal of mechanical engineering</subfield>
  </datafield>
  <datafield tag="210" ind1="" ind2="">
   <subfield code="a">JI XIE GONG CHENG XUE BAO （ YING WEN BAN ）</subfield>
  </datafield>
  <datafield tag="210" ind1="" ind2="">
   <subfield code="a">CHIN J MECH ENG  ENGL ED</subfield>
  </datafield>
  <datafield tag="210" ind1="" ind2="">
   <subfield code="a">机械工程学报（英文版）</subfield>
  </datafield>
  <datafield tag="210" ind1="" ind2="">
   <subfield code="a">機械工程學報（英文版）</subfield>
  </datafield>
  <datafield tag="210" ind1="" ind2="">
   <subfield code="a">JIXIE GONGCHENG XUEBAO (YINGWENBAN)</subfield>
  </datafield>
  <datafield tag="210" ind1="" ind2="">
   <subfield code="a">机械工程学报 (英文版)</subfield>
  </datafield>
  <datafield tag="210" ind1="" ind2="">
   <subfield code="a">CHIN J MECH ENG-EN</subfield>
  </datafield>
  <datafield tag="210" ind1="" ind2="">
   <subfield code="a">EN</subfield>
  </datafield>
  <datafield tag="260" ind1="" ind2="">
   <subfield code="a">Beijing, China</subfield>
   <subfield code="b">China Machine Press</subfield>
  </datafield>
  <datafield tag="022" ind1="" ind2="">
   <subfield code="a">1000-9345</subfield>
  </datafield>
  <datafield tag="776" ind1="" ind2="">
   <subfield code="x">2192-8258</subfield>
  </datafield>
  <datafield tag="090" ind1="" ind2="">
   <subfield code="a">110975946727485</subfield>
  </datafield>
  <datafield tag="866" ind1="" ind2="">
   <subfield code="a">Available from 2012 volume: 25 issue: 1. </subfield>
   <subfield code="s">1000000000002533</subfield>
   <subfield code="t">1000000000001874</subfield>
   <subfield code="x">Canadian Research Knowledge Network Springer Link Current:Full Text</subfield>
   <subfield code="z">3390000000101006</subfield>
  </datafield>
 </record>