
 <record>
  <leader>-----nas-a2200000z--4500</leader>
  <controlfield tag="008">131125uuuuuuuuuxx-uu-|------u|----|dut-d</controlfield>
  <datafield tag="010" ind1="" ind2="">
   <subfield code="a">   80649609 </subfield>
  </datafield>
  <datafield tag="245" ind1="" ind2="0">
   <subfield code="a">Mir. Management international review</subfield>
  </datafield>
  <datafield tag="210" ind1="" ind2="">
   <subfield code="a">M I R</subfield>
  </datafield>
  <datafield tag="210" ind1="" ind2="">
   <subfield code="a">MIR</subfield>
  </datafield>
  <datafield tag="210" ind1="" ind2="">
   <subfield code="a">MANAGEMENT INTERNATIONAL REVIEW </subfield>
  </datafield>
  <datafield tag="210" ind1="" ind2="">
   <subfield code="a">MANAGE INT REV</subfield>
  </datafield>
  <datafield tag="260" ind1="" ind2="">
   <subfield code="a">Wiesbaden,</subfield>
   <subfield code="b">Gabler Verlag</subfield>
  </datafield>
  <datafield tag="022" ind1="" ind2="">
   <subfield code="a">0938-8249</subfield>
  </datafield>
  <datafield tag="776" ind1="" ind2="">
   <subfield code="x">1861-8901</subfield>
  </datafield>
  <datafield tag="090" ind1="" ind2="">
   <subfield code="a">110976010040296</subfield>
  </datafield>
  <datafield tag="866" ind1="" ind2="">
   <subfield code="a">Available from 2006 volume: 46. </subfield>
   <subfield code="b">$obj-&gt;parsedDate("&gt;=",2006,46,undef)</subfield>
   <subfield code="c">L</subfield>
   <subfield code="s">1000000000002533</subfield>
   <subfield code="t">1000000000001874</subfield>
   <subfield code="x">Canadian Research Knowledge Network Springer Link Current:Full Text</subfield>
   <subfield code="z">1000000000949671</subfield>
  </datafield>
 </record>