
 <record>
  <leader>-----nas-a2200000z--4500</leader>
  <controlfield tag="008">131125uuuuuuuuuxx-uu-|------u|----|ger-d</controlfield>
  <datafield tag="010" ind1="" ind2="">
   <subfield code="a">   34031178 </subfield>
  </datafield>
  <datafield tag="245" ind1="" ind2="">
   <subfield code="a">Juristische Blätter</subfield>
  </datafield>
  <datafield tag="210" ind1="" ind2="">
   <subfield code="a">JURISTISCHE BLAETTER MIT BEILAGE WBL WIRTSCHAFTSRECHTLICHE BLAETTER</subfield>
  </datafield>
  <datafield tag="260" ind1="" ind2="">
   <subfield code="a">Wien,</subfield>
   <subfield code="b">Springer-Verlag [etc.]</subfield>
  </datafield>
  <datafield tag="022" ind1="" ind2="">
   <subfield code="a">0022-6912</subfield>
  </datafield>
  <datafield tag="776" ind1="" ind2="">
   <subfield code="x">1613-7639</subfield>
  </datafield>
  <datafield tag="090" ind1="" ind2="">
   <subfield code="a">110976725600088</subfield>
  </datafield>
  <datafield tag="866" ind1="" ind2="">
   <subfield code="a">Available from 2007 volume: 129 issue: 1. </subfield>
   <subfield code="s">1000000000002533</subfield>
   <subfield code="t">1000000000001874</subfield>
   <subfield code="x">Canadian Research Knowledge Network Springer Link Current:Full Text</subfield>
   <subfield code="z">1000000000949632</subfield>
  </datafield>
 </record>