
 <record>
  <leader>-----nas-a2200000z--4500</leader>
  <controlfield tag="008">131125uuuuuuuuuxx-uu-|------u|----|ger-d</controlfield>
  <datafield tag="010" ind1="" ind2="">
   <subfield code="a">sn 95029823 </subfield>
  </datafield>
  <datafield tag="245" ind1="" ind2="0">
   <subfield code="a">Österreichische Wasser- und Abfallwirtschaft</subfield>
  </datafield>
  <datafield tag="210" ind1="" ind2="">
   <subfield code="a">ÖSTERREICHISCHE WASSER- UND ABFALLWIRTSCHAF</subfield>
  </datafield>
  <datafield tag="210" ind1="" ind2="">
   <subfield code="a">OESTERR WASSER- ABFALLWIRTSCH</subfield>
  </datafield>
  <datafield tag="260" ind1="" ind2="">
   <subfield code="a">Wien</subfield>
   <subfield code="b">Springer Vienna</subfield>
  </datafield>
  <datafield tag="022" ind1="" ind2="">
   <subfield code="a">0945-358X</subfield>
  </datafield>
  <datafield tag="776" ind1="" ind2="">
   <subfield code="x">1613-7566</subfield>
  </datafield>
  <datafield tag="090" ind1="" ind2="">
   <subfield code="a">110976725706856</subfield>
  </datafield>
  <datafield tag="866" ind1="" ind2="">
   <subfield code="a">Available from 2007 volume: 59. </subfield>
   <subfield code="b">$obj-&gt;parsedDate("&gt;=",2007,59,undef)</subfield>
   <subfield code="c">L</subfield>
   <subfield code="s">1000000000002533</subfield>
   <subfield code="t">1000000000001874</subfield>
   <subfield code="x">Canadian Research Knowledge Network Springer Link Current:Full Text</subfield>
   <subfield code="z">1000000000949800</subfield>
  </datafield>
 </record>