
 <record>
  <leader>-----nas-a2200000z--4500</leader>
  <controlfield tag="008">131125uuuuuuuuuxx-uu-|------u|----|ger-d</controlfield>
  <datafield tag="245" ind1="" ind2="0">
   <subfield code="a">Sportwissenschaft</subfield>
  </datafield>
  <datafield tag="260" ind1="" ind2="">
   <subfield code="a">Schorndorf,</subfield>
   <subfield code="b">Hofmann.</subfield>
  </datafield>
  <datafield tag="022" ind1="" ind2="">
   <subfield code="a">0342-2380</subfield>
  </datafield>
  <datafield tag="776" ind1="" ind2="">
   <subfield code="x">1868-1069</subfield>
  </datafield>
  <datafield tag="090" ind1="" ind2="">
   <subfield code="a">110978966558538</subfield>
  </datafield>
  <datafield tag="866" ind1="" ind2="">
   <subfield code="a">Available from 1997 volume: 27 issue: 1. </subfield>
   <subfield code="s">1000000000002533</subfield>
   <subfield code="t">1000000000001874</subfield>
   <subfield code="x">Canadian Research Knowledge Network Springer Link Current:Full Text</subfield>
   <subfield code="z">1000000002187823</subfield>
  </datafield>
 </record>