
 <record>
  <leader>-----nas-a2200000z--4500</leader>
  <controlfield tag="008">131125uuuuuuuuuxx-uu-|------u|----|eng-d</controlfield>
  <datafield tag="010" ind1="" ind2="">
   <subfield code="a">  2005233402</subfield>
  </datafield>
  <datafield tag="245" ind1="" ind2="0">
   <subfield code="a">Polymer Science Series A</subfield>
  </datafield>
  <datafield tag="210" ind1="" ind2="">
   <subfield code="a">POLYMER SCIENCE. SERIES A</subfield>
  </datafield>
  <datafield tag="210" ind1="" ind2="">
   <subfield code="a">POLYM SCI SER A+</subfield>
  </datafield>
  <datafield tag="210" ind1="" ind2="">
   <subfield code="a">POLYM SCI  RUSSIA</subfield>
  </datafield>
  <datafield tag="260" ind1="" ind2="">
   <subfield code="a">Oxford</subfield>
   <subfield code="b">Pergamon Press</subfield>
  </datafield>
  <datafield tag="022" ind1="" ind2="">
   <subfield code="a">0965-545X</subfield>
  </datafield>
  <datafield tag="776" ind1="" ind2="">
   <subfield code="x">1531-8575</subfield>
  </datafield>
  <datafield tag="090" ind1="" ind2="">
   <subfield code="a">110978966562328</subfield>
  </datafield>
  <datafield tag="866" ind1="" ind2="">
   <subfield code="a">Available from 2006 volume: 48 issue: 1. </subfield>
   <subfield code="s">1000000000002533</subfield>
   <subfield code="t">1000000000001874</subfield>
   <subfield code="x">Canadian Research Knowledge Network Springer Link Current:Full Text</subfield>
   <subfield code="z">1000000001825899</subfield>
  </datafield>
 </record>