
 <record>
  <leader>-----nas-a2200000z--4500</leader>
  <controlfield tag="008">131125uuuuuuuuuxx-uu-|------u|----|eng-d</controlfield>
  <datafield tag="245" ind1="" ind2="0">
   <subfield code="a">Hellenike Cheirougike</subfield>
  </datafield>
  <datafield tag="210" ind1="" ind2="">
   <subfield code="a">HELL CHEIROURGIKE</subfield>
  </datafield>
  <datafield tag="260" ind1="" ind2="">
   <subfield code="a">Athīnai</subfield>
   <subfield code="b">Ellīnikī Cheirourgikī Etaireia</subfield>
  </datafield>
  <datafield tag="022" ind1="" ind2="">
   <subfield code="a">0018-0092</subfield>
  </datafield>
  <datafield tag="776" ind1="" ind2="">
   <subfield code="x">1868-8845</subfield>
  </datafield>
  <datafield tag="090" ind1="" ind2="">
   <subfield code="a">110978976474219</subfield>
  </datafield>
  <datafield tag="866" ind1="" ind2="">
   <subfield code="a">Available from 2010 volume: 82 issue: 1. </subfield>
   <subfield code="s">1000000000002533</subfield>
   <subfield code="t">1000000000001874</subfield>
   <subfield code="x">Canadian Research Knowledge Network Springer Link Current:Full Text</subfield>
   <subfield code="z">2590000000002437</subfield>
  </datafield>
 </record>