
 <record>
  <leader>-----nas-a2200000z--4500</leader>
  <controlfield tag="008">131125uuuuuuuuuxx-uu-|------u|----|ger-d</controlfield>
  <datafield tag="010" ind1="" ind2="">
   <subfield code="a">sn 88027366 </subfield>
  </datafield>
  <datafield tag="245" ind1="" ind2="0">
   <subfield code="a">Wirtschaftsdienst</subfield>
  </datafield>
  <datafield tag="260" ind1="" ind2="">
   <subfield code="a">Hamburg</subfield>
   <subfield code="b">Verlag Weltarchiv</subfield>
  </datafield>
  <datafield tag="022" ind1="" ind2="">
   <subfield code="a">0043-6275</subfield>
  </datafield>
  <datafield tag="776" ind1="" ind2="">
   <subfield code="x">1613-978X</subfield>
  </datafield>
  <datafield tag="090" ind1="" ind2="">
   <subfield code="a">110978976477903</subfield>
  </datafield>
  <datafield tag="866" ind1="" ind2="">
   <subfield code="a">Available from 2005 volume: 85 issue: 1. </subfield>
   <subfield code="s">1000000000002533</subfield>
   <subfield code="t">1000000000001874</subfield>
   <subfield code="x">Canadian Research Knowledge Network Springer Link Current:Full Text</subfield>
   <subfield code="z">1000000000950096</subfield>
  </datafield>
 </record>