
 <record>
  <leader>-----nas-a2200000z--4500</leader>
  <controlfield tag="008">131125uuuuuuuuuxx-uu-|------u|----|ger-d</controlfield>
  <datafield tag="245" ind1="" ind2="0">
   <subfield code="a">Mathematica slovaca</subfield>
  </datafield>
  <datafield tag="210" ind1="" ind2="">
   <subfield code="a">MATH. SLOVACA</subfield>
  </datafield>
  <datafield tag="210" ind1="" ind2="">
   <subfield code="a">MATH SLOVACA</subfield>
  </datafield>
  <datafield tag="260" ind1="" ind2="">
   <subfield code="a">Bratislava,</subfield>
   <subfield code="b">Veda.</subfield>
  </datafield>
  <datafield tag="022" ind1="" ind2="">
   <subfield code="a">0139-9918</subfield>
  </datafield>
  <datafield tag="776" ind1="" ind2="">
   <subfield code="x">1337-2211</subfield>
  </datafield>
  <datafield tag="090" ind1="" ind2="">
   <subfield code="a">110978976479309</subfield>
  </datafield>
  <datafield tag="866" ind1="" ind2="">
   <subfield code="a">Available from 1997 volume: 57 issue: 1. </subfield>
   <subfield code="s">1000000000002533</subfield>
   <subfield code="t">1000000000001874</subfield>
   <subfield code="x">Canadian Research Knowledge Network Springer Link Current:Full Text</subfield>
   <subfield code="z">1000000001825864</subfield>
  </datafield>
 </record>