
 <record>
  <leader>-----nas-a2200000z--4500</leader>
  <controlfield tag="008">131125uuuuuuuuuxx-uu-|------u|----|ita-d</controlfield>
  <datafield tag="245" ind1="" ind2="0">
   <subfield code="a">Rendiconti del Circolo Matematico di Palermo</subfield>
  </datafield>
  <datafield tag="210" ind1="" ind2="">
   <subfield code="a">RENDICONTI DEL CIRCOLO MATEMATICO DI PALERMO SERIE II</subfield>
  </datafield>
  <datafield tag="210" ind1="" ind2="">
   <subfield code="a">REND. CIRC. MAT. PALERMO (2)</subfield>
  </datafield>
  <datafield tag="210" ind1="" ind2="">
   <subfield code="a">RENDICONTI CIRCOLO MATEMATICO DI PALERMO </subfield>
  </datafield>
  <datafield tag="260" ind1="" ind2="">
   <subfield code="a">Palermo</subfield>
   <subfield code="b">Il Circolo</subfield>
  </datafield>
  <datafield tag="022" ind1="" ind2="">
   <subfield code="a">0009-725X</subfield>
  </datafield>
  <datafield tag="776" ind1="" ind2="">
   <subfield code="x">1973-4409</subfield>
  </datafield>
  <datafield tag="090" ind1="" ind2="">
   <subfield code="a">110978976775421</subfield>
  </datafield>
  <datafield tag="866" ind1="" ind2="">
   <subfield code="a">Available from 1884 volume: 1 until 1996 volume: 45. </subfield>
   <subfield code="s">1000000000002986</subfield>
   <subfield code="t">1000000000002296</subfield>
   <subfield code="x">Canadian Research Knowledge Network Springer Link Archive:Full Text</subfield>
   <subfield code="z">1000000001826225</subfield>
  </datafield>
  <datafield tag="866" ind1="" ind2="">
   <subfield code="a">Available from 1997 volume: 46 issue: 1. </subfield>
   <subfield code="s">1000000000002533</subfield>
   <subfield code="t">1000000000001874</subfield>
   <subfield code="x">Canadian Research Knowledge Network Springer Link Current:Full Text</subfield>
   <subfield code="z">1000000000950217</subfield>
  </datafield>
 </record>