
 <record>
  <leader>-----nas-a2200000z--4500</leader>
  <controlfield tag="008">131125uuuuuuuuuxx-uu-|------u|----|ita-d</controlfield>
  <datafield tag="245" ind1="" ind2="0">
   <subfield code="a">Rivista internazionale di scienze economiche e commerciali</subfield>
  </datafield>
  <datafield tag="210" ind1="" ind2="">
   <subfield code="a">RIV INT SCI ECON COM</subfield>
  </datafield>
  <datafield tag="210" ind1="" ind2="">
   <subfield code="a">RISEC</subfield>
  </datafield>
  <datafield tag="210" ind1="" ind2="">
   <subfield code="a">INTERNATIONAL REVIEW OF ECONOMICS AND BUSINESS</subfield>
  </datafield>
  <datafield tag="260" ind1="" ind2="">
   <subfield code="a">Padova,</subfield>
   <subfield code="b">CEDAM.</subfield>
  </datafield>
  <datafield tag="022" ind1="" ind2="">
   <subfield code="a">0035-6751</subfield>
  </datafield>
  <datafield tag="776" ind1="" ind2="">
   <subfield code="x">1970-5794</subfield>
  </datafield>
  <datafield tag="090" ind1="" ind2="">
   <subfield code="a">110978976779459</subfield>
  </datafield>
  <datafield tag="866" ind1="" ind2="">
   <subfield code="a">Available from 2006 volume: 53 issue: 1 until 2006 volume: 53 issue: 4. </subfield>
   <subfield code="s">1000000000002533</subfield>
   <subfield code="t">1000000000001874</subfield>
   <subfield code="x">Canadian Research Knowledge Network Springer Link Current:Full Text</subfield>
   <subfield code="z">3390000000100976</subfield>
  </datafield>
 </record>