
 <record>
  <leader>-----nas-a2200000z--4500</leader>
  <controlfield tag="008">131125uuuuuuuuuxx-uu-|------u|----|eng-d</controlfield>
  <datafield tag="245" ind1="" ind2="0">
   <subfield code="a">Indian geotechnical journal</subfield>
  </datafield>
  <datafield tag="260" ind1="" ind2="">
   <subfield code="a">New Delhi,</subfield>
   <subfield code="b">Indian Geotechnical Society</subfield>
  </datafield>
  <datafield tag="022" ind1="" ind2="">
   <subfield code="a">0046-8983</subfield>
  </datafield>
  <datafield tag="776" ind1="" ind2="">
   <subfield code="x">2277-3347</subfield>
  </datafield>
  <datafield tag="090" ind1="" ind2="">
   <subfield code="a">110978976780819</subfield>
  </datafield>
  <datafield tag="866" ind1="" ind2="">
   <subfield code="a">Available from 2012 volume: 42 issue: 1. </subfield>
   <subfield code="s">1000000000002533</subfield>
   <subfield code="t">1000000000001874</subfield>
   <subfield code="x">Canadian Research Knowledge Network Springer Link Current:Full Text</subfield>
   <subfield code="z">3360000000813207</subfield>
  </datafield>
 </record>