
 <record>
  <leader>-----nas-a2200000z--4500</leader>
  <controlfield tag="008">131125uuuuuuuuuxx-uu-|------u|----|spa-d</controlfield>
  <datafield tag="245" ind1="" ind2="0">
   <subfield code="a">Collectanea mathematica</subfield>
  </datafield>
  <datafield tag="210" ind1="" ind2="">
   <subfield code="a">COLLECT. MATH</subfield>
  </datafield>
  <datafield tag="210" ind1="" ind2="">
   <subfield code="a">COLLECT MATH</subfield>
  </datafield>
  <datafield tag="260" ind1="" ind2="">
   <subfield code="a">Barcelona</subfield>
   <subfield code="b">University of Barcelona</subfield>
  </datafield>
  <datafield tag="022" ind1="" ind2="">
   <subfield code="a">0010-0757</subfield>
  </datafield>
  <datafield tag="776" ind1="" ind2="">
   <subfield code="x">2038-4815</subfield>
  </datafield>
  <datafield tag="090" ind1="" ind2="">
   <subfield code="a">110978977118956</subfield>
  </datafield>
  <datafield tag="866" ind1="" ind2="">
   <subfield code="a">Available from 2008 volume: 59 issue: 1. </subfield>
   <subfield code="s">1000000000002533</subfield>
   <subfield code="t">1000000000001874</subfield>
   <subfield code="x">Canadian Research Knowledge Network Springer Link Current:Full Text</subfield>
   <subfield code="z">3360000000369297</subfield>
  </datafield>
 </record>