
 <record>
  <leader>-----nas-a2200000z--4500</leader>
  <controlfield tag="008">131125uuuuuuuuuxx-uu-|------u|----|eng-d</controlfield>
  <datafield tag="010" ind1="" ind2="">
   <subfield code="a">   94646437 </subfield>
  </datafield>
  <datafield tag="245" ind1="" ind2="0">
   <subfield code="a">Izvestiya. Atmospheric and oceanic physics</subfield>
  </datafield>
  <datafield tag="210" ind1="" ind2="">
   <subfield code="a">RUSSIAN ACADEMY OF SCIENCES IZVESTIYA ATMOSPHERIC AND OCEAN PHYSICS</subfield>
  </datafield>
  <datafield tag="210" ind1="" ind2="">
   <subfield code="a">IZV ATMOS OCEAN PHY+</subfield>
  </datafield>
  <datafield tag="210" ind1="" ind2="">
   <subfield code="a">IZV. ATMOS. OCEAN. PHYS</subfield>
  </datafield>
  <datafield tag="260" ind1="" ind2="">
   <subfield code="a">Washington, D.C.</subfield>
   <subfield code="b">American Geophysical Union and American Meteorological Society</subfield>
  </datafield>
  <datafield tag="022" ind1="" ind2="">
   <subfield code="a">0001-4338</subfield>
  </datafield>
  <datafield tag="776" ind1="" ind2="">
   <subfield code="x">1555-628X</subfield>
  </datafield>
  <datafield tag="090" ind1="" ind2="">
   <subfield code="a">110978977275246</subfield>
  </datafield>
  <datafield tag="866" ind1="" ind2="">
   <subfield code="a">Available from 2006 volume: 42 issue: 1. </subfield>
   <subfield code="b">$obj-&gt;parsedDate('&gt;=','2006','42','1')</subfield>
   <subfield code="c">L</subfield>
   <subfield code="s">1000000000002533</subfield>
   <subfield code="t">1000000000001874</subfield>
   <subfield code="x">Canadian Research Knowledge Network Springer Link Current:Full Text</subfield>
   <subfield code="z">1000000001825833</subfield>
  </datafield>
 </record>