
 <record>
  <leader>-----nas-a2200000z--4500</leader>
  <controlfield tag="008">131125uuuuuuuuuxx-uu-|------u|----|eng-d</controlfield>
  <datafield tag="010" ind1="" ind2="">
   <subfield code="a">   00203368 </subfield>
  </datafield>
  <datafield tag="245" ind1="" ind2="0">
   <subfield code="a">Surface investigation: x-ray, synchrotron and neutron techniques</subfield>
  </datafield>
  <datafield tag="210" ind1="" ind2="">
   <subfield code="a">SURFACE INVESTIGATION, X-RAY, SYNCHROTRON &amp; NEUTRON TECHNIQUES</subfield>
  </datafield>
  <datafield tag="210" ind1="" ind2="">
   <subfield code="a">JOURNAL OF SURFACE INVESTIGATION</subfield>
  </datafield>
  <datafield tag="210" ind1="" ind2="">
   <subfield code="a">SURFACE INVESTIGATION</subfield>
  </datafield>
  <datafield tag="210" ind1="" ind2="">
   <subfield code="a">J SURF INVEST-X-RAY+</subfield>
  </datafield>
  <datafield tag="210" ind1="" ind2="">
   <subfield code="a">RAY+</subfield>
  </datafield>
  <datafield tag="260" ind1="" ind2="">
   <subfield code="a">The Netherlands</subfield>
   <subfield code="b">MAIK Nauka/Interperiodica</subfield>
  </datafield>
  <datafield tag="022" ind1="" ind2="">
   <subfield code="a">1027-4510</subfield>
  </datafield>
  <datafield tag="776" ind1="" ind2="">
   <subfield code="x">1819-7094</subfield>
  </datafield>
  <datafield tag="090" ind1="" ind2="">
   <subfield code="a">110978978556881</subfield>
  </datafield>
  <datafield tag="866" ind1="" ind2="">
   <subfield code="a">Available from 2007 volume: 1 issue: 1. </subfield>
   <subfield code="s">1000000000002533</subfield>
   <subfield code="t">1000000000001874</subfield>
   <subfield code="x">Canadian Research Knowledge Network Springer Link Current:Full Text</subfield>
   <subfield code="z">1000000001825931</subfield>
  </datafield>
 </record>