
 <record>
  <leader>-----nas-a2200000z--4500</leader>
  <controlfield tag="008">131125uuuuuuuuuxx-uu-|------u|----|eng-d</controlfield>
  <datafield tag="010" ind1="" ind2="">
   <subfield code="a">   93642860 </subfield>
  </datafield>
  <datafield tag="245" ind1="" ind2="0">
   <subfield code="a">Journal of superhard materials</subfield>
  </datafield>
  <datafield tag="210" ind1="" ind2="">
   <subfield code="a">J. SUPERHARD MATER</subfield>
  </datafield>
  <datafield tag="210" ind1="" ind2="">
   <subfield code="a">J SUPERHARD MATER+</subfield>
  </datafield>
  <datafield tag="260" ind1="" ind2="">
   <subfield code="a">New York, NY</subfield>
   <subfield code="b">Allerton Press</subfield>
  </datafield>
  <datafield tag="022" ind1="" ind2="">
   <subfield code="a">1063-4576</subfield>
  </datafield>
  <datafield tag="776" ind1="" ind2="">
   <subfield code="x">1934-9408</subfield>
  </datafield>
  <datafield tag="090" ind1="" ind2="">
   <subfield code="a">110978978557197</subfield>
  </datafield>
  <datafield tag="866" ind1="" ind2="">
   <subfield code="a">Available from 2007 volume: 29 issue: 1. </subfield>
   <subfield code="s">1000000000002533</subfield>
   <subfield code="t">1000000000001874</subfield>
   <subfield code="x">Canadian Research Knowledge Network Springer Link Current:Full Text</subfield>
   <subfield code="z">1000000001825946</subfield>
  </datafield>
 </record>