
 <record>
  <leader>-----nas-a2200000z--4500</leader>
  <controlfield tag="008">131125uuuuuuuuuxx-uu-|------u|----|ger-d</controlfield>
  <datafield tag="245" ind1="" ind2="0">
   <subfield code="a">Journal für Mathematik-Didaktik</subfield>
  </datafield>
  <datafield tag="260" ind1="" ind2="">
   <subfield code="a">Stuttgart</subfield>
   <subfield code="b">Teubner</subfield>
  </datafield>
  <datafield tag="022" ind1="" ind2="">
   <subfield code="a">0173-5322</subfield>
  </datafield>
  <datafield tag="776" ind1="" ind2="">
   <subfield code="x">1869-2699</subfield>
  </datafield>
  <datafield tag="090" ind1="" ind2="">
   <subfield code="a">110978978735065</subfield>
  </datafield>
  <datafield tag="866" ind1="" ind2="">
   <subfield code="a">Available from 2010 volume: 31 issue: 1. </subfield>
   <subfield code="s">1000000000002533</subfield>
   <subfield code="t">1000000000001874</subfield>
   <subfield code="x">Canadian Research Knowledge Network Springer Link Current:Full Text</subfield>
   <subfield code="z">2590000000002451</subfield>
  </datafield>
 </record>