
 <record>
  <leader>-----nas-a2200000z--4500</leader>
  <controlfield tag="008">131125uuuuuuuuuxx-uu-|------u|----|eng-d</controlfield>
  <datafield tag="010" ind1="" ind2="">
   <subfield code="a">  2013250504</subfield>
  </datafield>
  <datafield tag="245" ind1="" ind2="0">
   <subfield code="a">International journal of anthropology</subfield>
  </datafield>
  <datafield tag="210" ind1="" ind2="">
   <subfield code="a">INT J ANTHROPOL</subfield>
  </datafield>
  <datafield tag="260" ind1="" ind2="">
   <subfield code="a">Firenze</subfield>
   <subfield code="b">Editrice "Il sedicesimo"</subfield>
  </datafield>
  <datafield tag="022" ind1="" ind2="">
   <subfield code="a">0393-9383</subfield>
  </datafield>
  <datafield tag="776" ind1="" ind2="">
   <subfield code="x">1824-3096</subfield>
  </datafield>
  <datafield tag="090" ind1="" ind2="">
   <subfield code="a">110978978952466</subfield>
  </datafield>
  <datafield tag="866" ind1="" ind2="">
   <subfield code="a">Available from 1986 volume: 1 issue: 1 until 1996. </subfield>
   <subfield code="s">1000000000002986</subfield>
   <subfield code="t">1000000000002296</subfield>
   <subfield code="x">Canadian Research Knowledge Network Springer Link Archive:Full Text</subfield>
   <subfield code="z">1000000001789333</subfield>
  </datafield>
  <datafield tag="866" ind1="" ind2="">
   <subfield code="a">Available from 1997 until 2006. </subfield>
   <subfield code="b">$obj-&gt;parsedDate('&gt;=','1997','undef','undef') &amp;&amp; $obj-&gt;parsedDate('&lt;=','2006','undef','undef')</subfield>
   <subfield code="c">G</subfield>
   <subfield code="s">1000000000002533</subfield>
   <subfield code="t">1000000000001874</subfield>
   <subfield code="x">Canadian Research Knowledge Network Springer Link Current:Full Text</subfield>
   <subfield code="z">10920000000044556</subfield>
  </datafield>
 </record>