
 <record>
  <leader>-----nas-a2200000z--4500</leader>
  <controlfield tag="008">131125uuuuuuuuuxx-uu-|------u|----|eng-d</controlfield>
  <datafield tag="010" ind1="" ind2="">
   <subfield code="a">  2007247677</subfield>
  </datafield>
  <datafield tag="245" ind1="" ind2="0">
   <subfield code="a">Japan journal of industrial and applied mathematics</subfield>
  </datafield>
  <datafield tag="210" ind1="" ind2="">
   <subfield code="a">JAPAN J. INDUST. APPL. MATH.</subfield>
  </datafield>
  <datafield tag="210" ind1="" ind2="">
   <subfield code="a">JAPAN JOURNAL OF INDUSTRIAL &amp; APPLIED MATHEMATICS</subfield>
  </datafield>
  <datafield tag="210" ind1="" ind2="">
   <subfield code="a">JPN J IND APPL MATH</subfield>
  </datafield>
  <datafield tag="260" ind1="" ind2="">
   <subfield code="a">Tokyo</subfield>
   <subfield code="b">Kinokuniya</subfield>
  </datafield>
  <datafield tag="022" ind1="" ind2="">
   <subfield code="a">0916-7005</subfield>
  </datafield>
  <datafield tag="776" ind1="" ind2="">
   <subfield code="x">1868-937X</subfield>
  </datafield>
  <datafield tag="090" ind1="" ind2="">
   <subfield code="a">110978979267072</subfield>
  </datafield>
  <datafield tag="866" ind1="" ind2="">
   <subfield code="a">Available from 1997 volume: 14 issue: 1. </subfield>
   <subfield code="s">1000000000002533</subfield>
   <subfield code="t">1000000000001874</subfield>
   <subfield code="x">Canadian Research Knowledge Network Springer Link Current:Full Text</subfield>
   <subfield code="z">2480000000001977</subfield>
  </datafield>
 </record>