
 <record>
  <leader>-----nas-a2200000z--4500</leader>
  <controlfield tag="008">131125uuuuuuuuuxx-uu-|------u|----|ger-d</controlfield>
  <datafield tag="245" ind1="" ind2="0">
   <subfield code="a">KI. Künstliche Intelligenz</subfield>
  </datafield>
  <datafield tag="260" ind1="" ind2="">
   <subfield code="a">Bremen</subfield>
   <subfield code="b">Böttcher-IT-Verl</subfield>
  </datafield>
  <datafield tag="022" ind1="" ind2="">
   <subfield code="a">0933-1875</subfield>
  </datafield>
  <datafield tag="776" ind1="" ind2="">
   <subfield code="x">1610-1987</subfield>
  </datafield>
  <datafield tag="090" ind1="" ind2="">
   <subfield code="a">110978979267292</subfield>
  </datafield>
  <datafield tag="866" ind1="" ind2="">
   <subfield code="a">Available from 2010 volume: 24 issue: 1. </subfield>
   <subfield code="s">1000000000002533</subfield>
   <subfield code="t">1000000000001874</subfield>
   <subfield code="x">Canadian Research Knowledge Network Springer Link Current:Full Text</subfield>
   <subfield code="z">3360000000369309</subfield>
  </datafield>
 </record>