
 <record>
  <leader>-----nas-a2200000z--4500</leader>
  <controlfield tag="008">131125uuuuuuuuuxx-uu-|------u|----|eng-d</controlfield>
  <datafield tag="010" ind1="" ind2="">
   <subfield code="a">   89640717 </subfield>
  </datafield>
  <datafield tag="245" ind1="" ind2="0">
   <subfield code="a">Acta Seismologica Sinica</subfield>
  </datafield>
  <datafield tag="210" ind1="" ind2="">
   <subfield code="a">DI ZHEN XUE BAO （ YING WEN BAN ）</subfield>
  </datafield>
  <datafield tag="210" ind1="" ind2="">
   <subfield code="a">地震学报（英文版）</subfield>
  </datafield>
  <datafield tag="210" ind1="" ind2="">
   <subfield code="a">地震學報（英文版）</subfield>
  </datafield>
  <datafield tag="210" ind1="" ind2="">
   <subfield code="a">地震學報(ENG版)</subfield>
  </datafield>
  <datafield tag="210" ind1="" ind2="">
   <subfield code="a">地震学报 (英文版)</subfield>
  </datafield>
  <datafield tag="210" ind1="" ind2="">
   <subfield code="a">DIZHEN XUEBAO YINGWENBAN (YINGWENBAN)</subfield>
  </datafield>
  <datafield tag="260" ind1="" ind2="">
   <subfield code="a">Beijing, China</subfield>
   <subfield code="b">Editorial Office of Acta Seismologica Sinica</subfield>
  </datafield>
  <datafield tag="022" ind1="" ind2="">
   <subfield code="a">1000-9116</subfield>
  </datafield>
  <datafield tag="776" ind1="" ind2="">
   <subfield code="x">1993-1344</subfield>
  </datafield>
  <datafield tag="090" ind1="" ind2="">
   <subfield code="a">110978979268532</subfield>
  </datafield>
  <datafield tag="866" ind1="" ind2="">
   <subfield code="a">Available from 1997 volume: 10 issue: 1 until 2008 volume: 21 issue: 6. </subfield>
   <subfield code="s">1000000000002533</subfield>
   <subfield code="t">1000000000001874</subfield>
   <subfield code="x">Canadian Research Knowledge Network Springer Link Current:Full Text</subfield>
   <subfield code="z">1000000001825906</subfield>
  </datafield>
 </record>