
 <record>
  <leader>-----nas-a2200000z--4500</leader>
  <controlfield tag="008">131125uuuuuuuuuxx-uu-|------u|----|eng-d</controlfield>
  <datafield tag="010" ind1="" ind2="">
   <subfield code="a">   98645570 </subfield>
  </datafield>
  <datafield tag="245" ind1="" ind2="0">
   <subfield code="a">Chinese Geographical Science</subfield>
  </datafield>
  <datafield tag="210" ind1="" ind2="">
   <subfield code="a">ZHONG GUO DI LI KE XUE （ YING WEN BAN ）</subfield>
  </datafield>
  <datafield tag="210" ind1="" ind2="">
   <subfield code="a">中国地理科学（英文版）</subfield>
  </datafield>
  <datafield tag="210" ind1="" ind2="">
   <subfield code="a">中國地理科學（英文版）</subfield>
  </datafield>
  <datafield tag="210" ind1="" ind2="">
   <subfield code="a">CHIN GEOGR SCI</subfield>
  </datafield>
  <datafield tag="210" ind1="" ind2="">
   <subfield code="a">ZHONGGUO DILI KEXUE (YINGWENBAN)</subfield>
  </datafield>
  <datafield tag="210" ind1="" ind2="">
   <subfield code="a">中国地理科学 (英文版)</subfield>
  </datafield>
  <datafield tag="210" ind1="" ind2="">
   <subfield code="a">CHINESE GEOGR SCI</subfield>
  </datafield>
  <datafield tag="260" ind1="" ind2="">
   <subfield code="a">Beijing</subfield>
   <subfield code="b">Science Press</subfield>
  </datafield>
  <datafield tag="022" ind1="" ind2="">
   <subfield code="a">1002-0063</subfield>
  </datafield>
  <datafield tag="776" ind1="" ind2="">
   <subfield code="x">1993-064X</subfield>
  </datafield>
  <datafield tag="090" ind1="" ind2="">
   <subfield code="a">110978979268682</subfield>
  </datafield>
  <datafield tag="866" ind1="" ind2="">
   <subfield code="a">Available from 1997 volume: 7 issue: 1. </subfield>
   <subfield code="s">1000000000002533</subfield>
   <subfield code="t">1000000000001874</subfield>
   <subfield code="x">Canadian Research Knowledge Network Springer Link Current:Full Text</subfield>
   <subfield code="z">1000000001825910</subfield>
  </datafield>
 </record>