
 <record>
  <leader>-----nas-a2200000z--4500</leader>
  <controlfield tag="008">131125uuuuuuuuuxx-uu-|------u|----|chi-d</controlfield>
  <datafield tag="245" ind1="" ind2="0">
   <subfield code="a">Chinese Journal of Cancer Research</subfield>
  </datafield>
  <datafield tag="246" ind1="" ind2="">
   <subfield code="a">CHIN. J. CANCER RES</subfield>
  </datafield>
  <datafield tag="246" ind1="" ind2="">
   <subfield code="a">CHINESE J CANCER RES</subfield>
  </datafield>
  <datafield tag="210" ind1="" ind2="">
   <subfield code="a">中国癌症研究（英文版）</subfield>
  </datafield>
  <datafield tag="246" ind1="" ind2="">
   <subfield code="a">CHIN J CANCER RES</subfield>
  </datafield>
  <datafield tag="260" ind1="" ind2="">
   <subfield code="b">Chinese Anti-Cancer Association, co-published with Springer</subfield>
  </datafield>
  <datafield tag="022" ind1="" ind2="">
   <subfield code="a">1000-9604</subfield>
  </datafield>
  <datafield tag="776" ind1="" ind2="">
   <subfield code="x">1993-0631</subfield>
  </datafield>
  <datafield tag="090" ind1="" ind2="">
   <subfield code="a">110978979434202</subfield>
  </datafield>
  <datafield tag="945" ind1="" ind2="">
   <subfield code="m">Zhongguo Aizheng Yanjiu (Yingwenban)</subfield>
   <subfield code="s">ZHONGGUO AIZHENG YANJIU YINGWENBAN</subfield>
  </datafield>
  <datafield tag="866" ind1="" ind2="">
   <subfield code="a">Available from 1997 volume: 9 issue: 1. </subfield>
   <subfield code="s">1000000000002533</subfield>
   <subfield code="t">1000000000001874</subfield>
   <subfield code="x">Canadian Research Knowledge Network Springer Link Current:Full Text</subfield>
   <subfield code="z">2480000000009321</subfield>
  </datafield>
 </record>