
 <record>
  <leader>-----nas-a2200000z--4500</leader>
  <controlfield tag="008">131125uuuuuuuuuxx-uu-|------u|----|eng-d</controlfield>
  <datafield tag="010" ind1="" ind2="">
   <subfield code="a">   91641658 </subfield>
  </datafield>
  <datafield tag="245" ind1="" ind2="0">
   <subfield code="a">Journal of economics and finance</subfield>
  </datafield>
  <datafield tag="210" ind1="" ind2="">
   <subfield code="a">JOURNAL OF ECONOMICS &amp; FINANCE</subfield>
  </datafield>
  <datafield tag="260" ind1="" ind2="">
   <subfield code="a">Memphis, TN</subfield>
   <subfield code="b">Dept. of Economics, Memphis State University</subfield>
  </datafield>
  <datafield tag="022" ind1="" ind2="">
   <subfield code="a">1055-0925</subfield>
  </datafield>
  <datafield tag="776" ind1="" ind2="">
   <subfield code="x">1938-9744</subfield>
  </datafield>
  <datafield tag="090" ind1="" ind2="">
   <subfield code="a">110978979436256</subfield>
  </datafield>
  <datafield tag="866" ind1="" ind2="">
   <subfield code="a">Available from 1992 volume: 16 issue: 1. </subfield>
   <subfield code="b">$obj-&gt;parsedDate('&gt;=','1992','16','1')</subfield>
   <subfield code="c">L</subfield>
   <subfield code="s">1000000000002533</subfield>
   <subfield code="t">1000000000001874</subfield>
   <subfield code="x">Canadian Research Knowledge Network Springer Link Current:Full Text</subfield>
   <subfield code="z">1000000001825938</subfield>
  </datafield>
 </record>