
 <record>
  <leader>-----nas-a2200000z--4500</leader>
  <controlfield tag="008">131125uuuuuuuuuxx-uu-|------u|----|ger-d</controlfield>
  <datafield tag="010" ind1="" ind2="">
   <subfield code="a">   93649476 </subfield>
  </datafield>
  <datafield tag="245" ind1="" ind2="">
   <subfield code="a">Wohnrechtliche Blätter</subfield>
  </datafield>
  <datafield tag="210" ind1="" ind2="">
   <subfield code="a">WOHNRECHTLICHE BLAETTER</subfield>
  </datafield>
  <datafield tag="210" ind1="" ind2="">
   <subfield code="a">WOHNRECHTLICHE BL?TTER</subfield>
  </datafield>
  <datafield tag="210" ind1="" ind2="">
   <subfield code="a">WOHNRECHTLICHE BLÄTTER</subfield>
  </datafield>
  <datafield tag="260" ind1="" ind2="">
   <subfield code="a">Wien</subfield>
   <subfield code="b">Springer</subfield>
  </datafield>
  <datafield tag="022" ind1="" ind2="">
   <subfield code="a">0933-2766</subfield>
  </datafield>
  <datafield tag="776" ind1="" ind2="">
   <subfield code="x">1613-7647</subfield>
  </datafield>
  <datafield tag="090" ind1="" ind2="">
   <subfield code="a">110978979781819</subfield>
  </datafield>
  <datafield tag="866" ind1="" ind2="">
   <subfield code="a">Available from 2007 volume: 20. </subfield>
   <subfield code="b">$obj-&gt;parsedDate("&gt;=",2007,20,undef)</subfield>
   <subfield code="c">L</subfield>
   <subfield code="s">1000000000002533</subfield>
   <subfield code="t">1000000000001874</subfield>
   <subfield code="x">Canadian Research Knowledge Network Springer Link Current:Full Text</subfield>
   <subfield code="z">1000000000950097</subfield>
  </datafield>
 </record>