
 <record>
  <leader>-----nas-a2200000z--4500</leader>
  <controlfield tag="008">131125uuuuuuuuuxx-uu-|------u|----|eng-d</controlfield>
  <datafield tag="010" ind1="" ind2="">
   <subfield code="a">  2003255146</subfield>
  </datafield>
  <datafield tag="245" ind1="" ind2="0">
   <subfield code="a">Journal of artificial organs</subfield>
  </datafield>
  <datafield tag="210" ind1="" ind2="">
   <subfield code="a">J ARTIF ORGANS</subfield>
  </datafield>
  <datafield tag="260" ind1="" ind2="">
   <subfield code="a">Tokyo</subfield>
   <subfield code="b">Springer Japan</subfield>
  </datafield>
  <datafield tag="022" ind1="" ind2="">
   <subfield code="a">1434-7229</subfield>
  </datafield>
  <datafield tag="776" ind1="" ind2="">
   <subfield code="x">1619-0904</subfield>
  </datafield>
  <datafield tag="090" ind1="" ind2="">
   <subfield code="a">110978984352521</subfield>
  </datafield>
  <datafield tag="866" ind1="" ind2="">
   <subfield code="a">Available from 1998 volume: 1 issue: 1. </subfield>
   <subfield code="s">1000000000002533</subfield>
   <subfield code="t">1000000000001874</subfield>
   <subfield code="x">Canadian Research Knowledge Network Springer Link Current:Full Text</subfield>
   <subfield code="z">1000000000949430</subfield>
  </datafield>
 </record>