
 <record>
  <leader>-----nas-a2200000z--4500</leader>
  <controlfield tag="008">131125uuuuuuuuuxx-uu-|------u|----|eng-d</controlfield>
  <datafield tag="245" ind1="" ind2="0">
   <subfield code="a">Gravitation &amp; cosmology</subfield>
  </datafield>
  <datafield tag="210" ind1="" ind2="">
   <subfield code="a">GRAVIT. COSMOL</subfield>
  </datafield>
  <datafield tag="210" ind1="" ind2="">
   <subfield code="a">GRAVITATION AND COSMOLOG</subfield>
  </datafield>
  <datafield tag="210" ind1="" ind2="">
   <subfield code="a">GRAVITATION &amp; COSMOLOGY</subfield>
  </datafield>
  <datafield tag="210" ind1="" ind2="">
   <subfield code="a">GRAVITATION COSMOL</subfield>
  </datafield>
  <datafield tag="210" ind1="" ind2="">
   <subfield code="a">GRAVIT COSMOL-RUSSIA</subfield>
  </datafield>
  <datafield tag="210" ind1="" ind2="">
   <subfield code="a">RUSSIA</subfield>
  </datafield>
  <datafield tag="260" ind1="" ind2="">
   <subfield code="a">[S.l.]</subfield>
   <subfield code="b">MAIK Nauka/Interperiodica</subfield>
  </datafield>
  <datafield tag="022" ind1="" ind2="">
   <subfield code="a">0202-2893</subfield>
  </datafield>
  <datafield tag="776" ind1="" ind2="">
   <subfield code="x">1995-0721</subfield>
  </datafield>
  <datafield tag="090" ind1="" ind2="">
   <subfield code="a">110978984441791</subfield>
  </datafield>
  <datafield tag="866" ind1="" ind2="">
   <subfield code="a">Available from 2008 volume: 14 issue: 2. </subfield>
   <subfield code="s">1000000000002533</subfield>
   <subfield code="t">1000000000001874</subfield>
   <subfield code="x">Canadian Research Knowledge Network Springer Link Current:Full Text</subfield>
   <subfield code="z">3360000000813193</subfield>
  </datafield>
 </record>