
 <record>
  <leader>-----nas-a2200000z--4500</leader>
  <controlfield tag="008">131125uuuuuuuuuxx-uu-|------u|----|eng-d</controlfield>
  <datafield tag="010" ind1="" ind2="">
   <subfield code="a">   95664210 </subfield>
  </datafield>
  <datafield tag="245" ind1="" ind2="0">
   <subfield code="a">Journal of elementary science education</subfield>
  </datafield>
  <datafield tag="260" ind1="" ind2="">
   <subfield code="a">Martin, Tenn.</subfield>
   <subfield code="b">Elementary Science Education Institute, Center of Excellence for the Enrichment of Science and Mathematics Education at the University of Tennessee at Martin</subfield>
  </datafield>
  <datafield tag="022" ind1="" ind2="">
   <subfield code="a">1090-185X</subfield>
  </datafield>
  <datafield tag="776" ind1="" ind2="">
   <subfield code="x">2168-8753</subfield>
  </datafield>
  <datafield tag="090" ind1="" ind2="">
   <subfield code="a">110978984445173</subfield>
  </datafield>
  <datafield tag="866" ind1="" ind2="">
   <subfield code="a">Available from 1997 volume: 9 issue: 1 until 2009 volume: 21 issue: 4. </subfield>
   <subfield code="s">1000000000002533</subfield>
   <subfield code="t">1000000000001874</subfield>
   <subfield code="x">Canadian Research Knowledge Network Springer Link Current:Full Text</subfield>
   <subfield code="z">2590000000002491</subfield>
  </datafield>
 </record>