
 <record>
  <leader>-----nas-a2200000z--4500</leader>
  <controlfield tag="008">131125uuuuuuuuuxx-uu-|------u|----|eng-d</controlfield>
  <datafield tag="010" ind1="" ind2="">
   <subfield code="a">sn 99020214 </subfield>
  </datafield>
  <datafield tag="245" ind1="" ind2="4">
   <subfield code="a">The Journal of nutrition, health &amp; aging</subfield>
  </datafield>
  <datafield tag="210" ind1="" ind2="">
   <subfield code="a">JOURNAL OF NUTRITION HEALTH AND AGING</subfield>
  </datafield>
  <datafield tag="210" ind1="" ind2="">
   <subfield code="a">THE JOURNAL OF NUTRITION HEALTH AND AGING</subfield>
  </datafield>
  <datafield tag="210" ind1="" ind2="">
   <subfield code="a">J NUTR HEALTH AGING</subfield>
  </datafield>
  <datafield tag="210" ind1="" ind2="">
   <subfield code="a">JOURNAL OF NUTRITION, HEALTH &amp; AGING</subfield>
  </datafield>
  <datafield tag="210" ind1="" ind2="">
   <subfield code="a">JOURNAL OF NUTRITION, HEALTH AND AGING</subfield>
  </datafield>
  <datafield tag="260" ind1="" ind2="">
   <subfield code="a">Paris, France</subfield>
   <subfield code="b">Serdi Publisher</subfield>
  </datafield>
  <datafield tag="022" ind1="" ind2="">
   <subfield code="a">1279-7707</subfield>
  </datafield>
  <datafield tag="776" ind1="" ind2="">
   <subfield code="x">1760-4788</subfield>
  </datafield>
  <datafield tag="090" ind1="" ind2="">
   <subfield code="a">110978984446687</subfield>
  </datafield>
  <datafield tag="866" ind1="" ind2="">
   <subfield code="a">Available from 2008 volume: 12. </subfield>
   <subfield code="b">$obj-&gt;parsedDate('&gt;=','2008','12','undef')</subfield>
   <subfield code="c">L</subfield>
   <subfield code="s">1000000000002533</subfield>
   <subfield code="t">1000000000001874</subfield>
   <subfield code="x">Canadian Research Knowledge Network Springer Link Current:Full Text</subfield>
   <subfield code="z">2480000000001526</subfield>
  </datafield>
 </record>