
 <record>
  <leader>-----nas-a2200000z--4500</leader>
  <controlfield tag="008">131125uuuuuuuuuxx-uu-|------u|----|eng-d</controlfield>
  <datafield tag="010" ind1="" ind2="">
   <subfield code="a">  2004252437</subfield>
  </datafield>
  <datafield tag="245" ind1="" ind2="0">
   <subfield code="a">Journal of visualization</subfield>
  </datafield>
  <datafield tag="210" ind1="" ind2="">
   <subfield code="a">J VIS</subfield>
  </datafield>
  <datafield tag="210" ind1="" ind2="">
   <subfield code="a">JAPAN</subfield>
  </datafield>
  <datafield tag="260" ind1="" ind2="">
   <subfield code="a">[Tokyo, Japan]</subfield>
   <subfield code="b">[Visualization Society of Japan]</subfield>
  </datafield>
  <datafield tag="022" ind1="" ind2="">
   <subfield code="a">1343-8875</subfield>
  </datafield>
  <datafield tag="776" ind1="" ind2="">
   <subfield code="x">1875-8975</subfield>
  </datafield>
  <datafield tag="090" ind1="" ind2="">
   <subfield code="a">110978984446919</subfield>
  </datafield>
  <datafield tag="866" ind1="" ind2="">
   <subfield code="a">Available from 1998 volume: 1 issue: 1. </subfield>
   <subfield code="s">1000000000002533</subfield>
   <subfield code="t">1000000000001874</subfield>
   <subfield code="x">Canadian Research Knowledge Network Springer Link Current:Full Text</subfield>
   <subfield code="z">2590000000002500</subfield>
  </datafield>
 </record>