
 <record>
  <leader>-----nas-a2200000z--4500</leader>
  <controlfield tag="008">131125uuuuuuuuuxx-uu-|------u|----|eng-d</controlfield>
  <datafield tag="010" ind1="" ind2="">
   <subfield code="a">  2001252655</subfield>
  </datafield>
  <datafield tag="245" ind1="" ind2="0">
   <subfield code="a">Journal of the Brazilian Computer Society</subfield>
  </datafield>
  <datafield tag="260" ind1="" ind2="">
   <subfield code="a">Rio de Janeiro, RJ</subfield>
   <subfield code="b">Sociedade Brasileira de Computação</subfield>
  </datafield>
  <datafield tag="022" ind1="" ind2="">
   <subfield code="a">0104-6500</subfield>
  </datafield>
  <datafield tag="776" ind1="" ind2="">
   <subfield code="x">1678-4804</subfield>
  </datafield>
  <datafield tag="090" ind1="" ind2="">
   <subfield code="a">110978984562091</subfield>
  </datafield>
  <datafield tag="866" ind1="" ind2="">
   <subfield code="a">Available from 1997. </subfield>
   <subfield code="s">1000000000002533</subfield>
   <subfield code="t">1000000000001874</subfield>
   <subfield code="x">Canadian Research Knowledge Network Springer Link Current:Full Text</subfield>
   <subfield code="z">2590000000002448</subfield>
  </datafield>
 </record>