
 <record>
  <leader>-----nas-a2200000z--4500</leader>
  <controlfield tag="008">131125uuuuuuuuuxx-uu-|------u|----|eng-d</controlfield>
  <datafield tag="010" ind1="" ind2="">
   <subfield code="a">sn 98001365 </subfield>
  </datafield>
  <datafield tag="245" ind1="" ind2="0">
   <subfield code="a">Current Hypertension Reports</subfield>
  </datafield>
  <datafield tag="210" ind1="" ind2="">
   <subfield code="a">CURR. HYPERTENS. REP. (ONLINE)</subfield>
  </datafield>
  <datafield tag="210" ind1="" ind2="">
   <subfield code="a">CURR HYPERTENS REP</subfield>
  </datafield>
  <datafield tag="260" ind1="" ind2="">
   <subfield code="a">Philadelphia, PA</subfield>
   <subfield code="b">Current Medicine Group LLC</subfield>
  </datafield>
  <datafield tag="022" ind1="" ind2="">
   <subfield code="a">1522-6417</subfield>
  </datafield>
  <datafield tag="776" ind1="" ind2="">
   <subfield code="x">1534-3111</subfield>
  </datafield>
  <datafield tag="090" ind1="" ind2="">
   <subfield code="a">110978984569977</subfield>
  </datafield>
  <datafield tag="866" ind1="" ind2="">
   <subfield code="a">Available from 1999 volume: 1 issue: 1. </subfield>
   <subfield code="s">1000000000002533</subfield>
   <subfield code="t">1000000000001874</subfield>
   <subfield code="x">Canadian Research Knowledge Network Springer Link Current:Full Text</subfield>
   <subfield code="z">1000000001825997</subfield>
  </datafield>
 </record>