
 <record>
  <leader>-----nas-a2200000z--4500</leader>
  <controlfield tag="008">131125uuuuuuuuuxx-uu-|------u|----|eng-d</controlfield>
  <datafield tag="010" ind1="" ind2="">
   <subfield code="a">  2001256029</subfield>
  </datafield>
  <datafield tag="245" ind1="" ind2="0">
   <subfield code="a">Neurological sciences</subfield>
  </datafield>
  <datafield tag="210" ind1="" ind2="">
   <subfield code="a">NEUROL SCI</subfield>
  </datafield>
  <datafield tag="260" ind1="" ind2="">
   <subfield code="a">Milano, Italy</subfield>
   <subfield code="b">Springer Milan</subfield>
  </datafield>
  <datafield tag="022" ind1="" ind2="">
   <subfield code="a">1590-1874</subfield>
  </datafield>
  <datafield tag="776" ind1="" ind2="">
   <subfield code="x">1590-3478</subfield>
  </datafield>
  <datafield tag="090" ind1="" ind2="">
   <subfield code="a">110980863779915</subfield>
  </datafield>
  <datafield tag="866" ind1="" ind2="">
   <subfield code="a">Available from 2000 volume: 21 issue: 1. </subfield>
   <subfield code="s">1000000000002533</subfield>
   <subfield code="t">1000000000001874</subfield>
   <subfield code="x">Canadian Research Knowledge Network Springer Link Current:Full Text</subfield>
   <subfield code="z">1000000000949767</subfield>
  </datafield>
 </record>