
 <record>
  <leader>-----nas-a2200000z--4500</leader>
  <controlfield tag="008">131125uuuuuuuuuxx-uu-|------u|----|eng-d</controlfield>
  <datafield tag="010" ind1="" ind2="">
   <subfield code="a">sn 98001309 </subfield>
  </datafield>
  <datafield tag="245" ind1="" ind2="0">
   <subfield code="a">AAPS PharmSci</subfield>
  </datafield>
  <datafield tag="210" ind1="" ind2="">
   <subfield code="a">AAPS PHARMSCI</subfield>
  </datafield>
  <datafield tag="260" ind1="" ind2="">
   <subfield code="a">Alexandria, VA</subfield>
   <subfield code="b">American Association of Pharmaceutical Scientists</subfield>
  </datafield>
  <datafield tag="022" ind1="" ind2="">
   <subfield code="a">1522-1059</subfield>
  </datafield>
  <datafield tag="090" ind1="" ind2="">
   <subfield code="a">110984073530300</subfield>
  </datafield>
  <datafield tag="866" ind1="" ind2="">
   <subfield code="a">Available from 1999 volume: 1 issue: 2 until 2004 volume: 6 issue: 2. </subfield>
   <subfield code="s">1000000000002533</subfield>
   <subfield code="t">1000000000001874</subfield>
   <subfield code="x">Canadian Research Knowledge Network Springer Link Current:Full Text</subfield>
   <subfield code="z">2590000000002518</subfield>
  </datafield>
 </record>