
 <record>
  <leader>-----nas-a2200000z--4500</leader>
  <controlfield tag="008">131125uuuuuuuuuxx-uu-|------u|----|eng-d</controlfield>
  <datafield tag="010" ind1="" ind2="">
   <subfield code="a">cn 89033322 </subfield>
  </datafield>
  <datafield tag="245" ind1="" ind2="0">
   <subfield code="a">Annals of sex research</subfield>
  </datafield>
  <datafield tag="260" ind1="" ind2="">
   <subfield code="a">Toronto</subfield>
   <subfield code="b">Juniper Press</subfield>
  </datafield>
  <datafield tag="022" ind1="" ind2="">
   <subfield code="a">0843-4611</subfield>
  </datafield>
  <datafield tag="090" ind1="" ind2="">
   <subfield code="a">110985822457820</subfield>
  </datafield>
  <datafield tag="866" ind1="" ind2="">
   <subfield code="a">Available from 1988 volume: 1 issue: 1 until 1993 volume: 6 issue: 4. </subfield>
   <subfield code="b">$obj-&gt;parsedDate('&gt;=','1988','1','1') &amp;&amp; $obj-&gt;parsedDate('&lt;=','1993','6','4')</subfield>
   <subfield code="c">G</subfield>
   <subfield code="s">1000000000002986</subfield>
   <subfield code="t">1000000000002296</subfield>
   <subfield code="x">Canadian Research Knowledge Network Springer Link Archive:Full Text</subfield>
   <subfield code="z">10920000000012997</subfield>
  </datafield>
 </record>