
 <record>
  <leader>-----nas-a2200000z--4500</leader>
  <controlfield tag="008">131125uuuuuuuuuxx-uu-|------u|----|eng-d</controlfield>
  <datafield tag="245" ind1="" ind2="0">
   <subfield code="a">Nuovo cimento della Società italiana di fisica. A, Nuclei, particles and fields</subfield>
  </datafield>
  <datafield tag="210" ind1="" ind2="">
   <subfield code="a">NUOVO CIMENTO DELLA SOCIETÀ ITALIANA DI FISICA. A, NUCLEI, PARTICLES AND FIELD</subfield>
  </datafield>
  <datafield tag="260" ind1="" ind2="">
   <subfield code="a">Bologna</subfield>
   <subfield code="b">Editrice Compositori</subfield>
  </datafield>
  <datafield tag="022" ind1="" ind2="">
   <subfield code="a">1124-1861</subfield>
  </datafield>
  <datafield tag="090" ind1="" ind2="">
   <subfield code="a">110992357393420</subfield>
  </datafield>
  <datafield tag="866" ind1="" ind2="">
   <subfield code="a">Available from 1982 volume: 67 issue: 1 until 1996 volume: 109 issue: 12. </subfield>
   <subfield code="b">$obj-&gt;parsedDate("&gt;=",1982,67,1) &amp;&amp; $obj-&gt;parsedDate("&lt;=",1996,109,12)</subfield>
   <subfield code="c">L</subfield>
   <subfield code="s">1000000000002986</subfield>
   <subfield code="t">1000000000002296</subfield>
   <subfield code="x">Canadian Research Knowledge Network Springer Link Archive:Full Text</subfield>
   <subfield code="z">1000000001826186</subfield>
  </datafield>
 </record>