
 <record>
  <leader>-----nas-a2200000z--4500</leader>
  <controlfield tag="008">131125uuuuuuuuuxx-uu-|------u|----|eng-d</controlfield>
  <datafield tag="010" ind1="" ind2="">
   <subfield code="a">  2001234739</subfield>
  </datafield>
  <datafield tag="245" ind1="" ind2="0">
   <subfield code="a">Organisms diversity &amp; evolution</subfield>
  </datafield>
  <datafield tag="210" ind1="" ind2="">
   <subfield code="a">ORGANISMS DIVERSITY AND EVOLUTION</subfield>
  </datafield>
  <datafield tag="210" ind1="" ind2="">
   <subfield code="a">ORG. DIVERS. EVOL</subfield>
  </datafield>
  <datafield tag="210" ind1="" ind2="">
   <subfield code="a">ORG DIVERS EVOL</subfield>
  </datafield>
  <datafield tag="260" ind1="" ind2="">
   <subfield code="a">[Jena, Germany]</subfield>
   <subfield code="b">Urban &amp; Fischer</subfield>
  </datafield>
  <datafield tag="022" ind1="" ind2="">
   <subfield code="a">1439-6092</subfield>
  </datafield>
  <datafield tag="776" ind1="" ind2="">
   <subfield code="x">1618-1077</subfield>
  </datafield>
  <datafield tag="090" ind1="" ind2="">
   <subfield code="a">111002735699012</subfield>
  </datafield>
  <datafield tag="866" ind1="" ind2="">
   <subfield code="a">Available from 2010 volume: 10 issue: 1. </subfield>
   <subfield code="s">1000000000002533</subfield>
   <subfield code="t">1000000000001874</subfield>
   <subfield code="x">Canadian Research Knowledge Network Springer Link Current:Full Text</subfield>
   <subfield code="z">2590000000002514</subfield>
  </datafield>
 </record>