
 <record>
  <leader>-----nas-a2200000z--4500</leader>
  <controlfield tag="008">131125uuuuuuuuuxx-uu-|------u|----|ger-d</controlfield>
  <datafield tag="010" ind1="" ind2="">
   <subfield code="a">   92640116 </subfield>
  </datafield>
  <datafield tag="245" ind1="" ind2="0">
   <subfield code="a">Umweltwissenschaften und Schadstoff-Forschung</subfield>
  </datafield>
  <datafield tag="210" ind1="" ind2="">
   <subfield code="a">UWSF UMWELTWISSENSCHAFTEN UND SCHADSTOFF FORSCHUNG</subfield>
  </datafield>
  <datafield tag="260" ind1="" ind2="">
   <subfield code="a">Landsberg</subfield>
   <subfield code="b">Ecomed Verlagsgesellschaft</subfield>
  </datafield>
  <datafield tag="022" ind1="" ind2="">
   <subfield code="a">0934-3504</subfield>
  </datafield>
  <datafield tag="776" ind1="" ind2="">
   <subfield code="x">1865-5084</subfield>
  </datafield>
  <datafield tag="090" ind1="" ind2="">
   <subfield code="a">111006469439640</subfield>
  </datafield>
  <datafield tag="866" ind1="" ind2="">
   <subfield code="a">Available from 1997 volume: 9 issue: 1 until 2010 volume: 22 issue: 6. </subfield>
   <subfield code="b">$obj-&gt;parsedDate('&gt;=','1997','9','1') &amp;&amp; $obj-&gt;parsedDate('&lt;=','2010','22','6')</subfield>
   <subfield code="c">L</subfield>
   <subfield code="s">1000000000002533</subfield>
   <subfield code="t">1000000000001874</subfield>
   <subfield code="x">Canadian Research Knowledge Network Springer Link Current:Full Text</subfield>
   <subfield code="z">1000000001825895</subfield>
  </datafield>
 </record>