
 <record>
  <leader>-----nas-a2200000z--4500</leader>
  <controlfield tag="008">131125uuuuuuuuuxx-uu-|------u|----|eng-d</controlfield>
  <datafield tag="010" ind1="" ind2="">
   <subfield code="a">  2006203026</subfield>
  </datafield>
  <datafield tag="245" ind1="" ind2="0">
   <subfield code="a">Acta mathematica Sinica. English series</subfield>
  </datafield>
  <datafield tag="210" ind1="" ind2="">
   <subfield code="a">ACTA MATHEMATICA SINICA BERLIN</subfield>
  </datafield>
  <datafield tag="210" ind1="" ind2="">
   <subfield code="a">ACTA MATH. SIN. (ENGL. SER.)</subfield>
  </datafield>
  <datafield tag="210" ind1="" ind2="">
   <subfield code="a">ACTA MATH SIN ENGL SER</subfield>
  </datafield>
  <datafield tag="210" ind1="" ind2="">
   <subfield code="a">ACTA MATH SIN</subfield>
  </datafield>
  <datafield tag="260" ind1="" ind2="">
   <subfield code="a">Berlin</subfield>
   <subfield code="b">Springer</subfield>
  </datafield>
  <datafield tag="022" ind1="" ind2="">
   <subfield code="a">1439-8516</subfield>
  </datafield>
  <datafield tag="776" ind1="" ind2="">
   <subfield code="x">1439-7617</subfield>
  </datafield>
  <datafield tag="090" ind1="" ind2="">
   <subfield code="a">111006469464212</subfield>
  </datafield>
  <datafield tag="866" ind1="" ind2="">
   <subfield code="a">Available from 1985 volume: 1 issue: 1 until 1996. </subfield>
   <subfield code="s">1000000000002986</subfield>
   <subfield code="t">1000000000002296</subfield>
   <subfield code="x">Canadian Research Knowledge Network Springer Link Archive:Full Text</subfield>
   <subfield code="z">1000000001789002</subfield>
  </datafield>
  <datafield tag="866" ind1="" ind2="">
   <subfield code="a">Available from 1985 volume: 1. </subfield>
   <subfield code="b">$obj-&gt;parsedDate("&gt;=",1985,1,undef)</subfield>
   <subfield code="c">L</subfield>
   <subfield code="s">1000000000002533</subfield>
   <subfield code="t">1000000000001874</subfield>
   <subfield code="x">Canadian Research Knowledge Network Springer Link Current:Full Text</subfield>
   <subfield code="z">1000000000948838</subfield>
  </datafield>
 </record>