
 <record>
  <leader>-----nas-a2200000z--4500</leader>
  <controlfield tag="008">131125uuuuuuuuuxx-uu-|------u|----|eng-d</controlfield>
  <datafield tag="010" ind1="" ind2="">
   <subfield code="a">  2001229252</subfield>
  </datafield>
  <datafield tag="245" ind1="" ind2="0">
   <subfield code="a">Personal and ubiquitous computing</subfield>
  </datafield>
  <datafield tag="210" ind1="" ind2="">
   <subfield code="a">PERSONAL AND UBIQUITOUS COMPUTING FORMERLY PERSONAL TECHNOLOGIES</subfield>
  </datafield>
  <datafield tag="210" ind1="" ind2="">
   <subfield code="a">PERS UBIQUIT COMPUT</subfield>
  </datafield>
  <datafield tag="210" ind1="" ind2="">
   <subfield code="a">PERSONAL &amp; UBIQUITOUS COMPUTING</subfield>
  </datafield>
  <datafield tag="210" ind1="" ind2="">
   <subfield code="a">PERSONAL UBIQUITOUS COMPUT</subfield>
  </datafield>
  <datafield tag="260" ind1="" ind2="">
   <subfield code="a">Godalming, UK</subfield>
   <subfield code="b">Springer-Verlag London Ltd.</subfield>
  </datafield>
  <datafield tag="022" ind1="" ind2="">
   <subfield code="a">1617-4909</subfield>
  </datafield>
  <datafield tag="776" ind1="" ind2="">
   <subfield code="x">1617-4917</subfield>
  </datafield>
  <datafield tag="090" ind1="" ind2="">
   <subfield code="a">111006469468426</subfield>
  </datafield>
  <datafield tag="866" ind1="" ind2="">
   <subfield code="a">Available from 2001 volume: 5 issue: 1. </subfield>
   <subfield code="s">1000000000002533</subfield>
   <subfield code="t">1000000000001874</subfield>
   <subfield code="x">Canadian Research Knowledge Network Springer Link Current:Full Text</subfield>
   <subfield code="z">1000000000949814</subfield>
  </datafield>
 </record>