
 <record>
  <leader>-----nas-a2200000z--4500</leader>
  <controlfield tag="008">131125uuuuuuuuuxx-uu-|------u|----|eng-d</controlfield>
  <datafield tag="010" ind1="" ind2="">
   <subfield code="a">  2004255474</subfield>
  </datafield>
  <datafield tag="245" ind1="" ind2="0">
   <subfield code="a">International journal for educational and vocational guidance</subfield>
  </datafield>
  <datafield tag="210" ind1="" ind2="">
   <subfield code="a">INTERNATIONAL JOURNAL FOR EDUCATIONAL &amp; VOCATIONAL GUIDANCE</subfield>
  </datafield>
  <datafield tag="260" ind1="" ind2="">
   <subfield code="a">Luxembourg</subfield>
   <subfield code="b">Springer Science &amp; Business Media B.V.</subfield>
  </datafield>
  <datafield tag="022" ind1="" ind2="">
   <subfield code="a">0251-2513</subfield>
  </datafield>
  <datafield tag="776" ind1="" ind2="">
   <subfield code="x">1573-1782</subfield>
  </datafield>
  <datafield tag="090" ind1="" ind2="">
   <subfield code="a">111006902681004</subfield>
  </datafield>
  <datafield tag="866" ind1="" ind2="">
   <subfield code="a">Available from 2001 volume: 1 issue: 1. </subfield>
   <subfield code="s">1000000000002533</subfield>
   <subfield code="t">1000000000001874</subfield>
   <subfield code="x">Canadian Research Knowledge Network Springer Link Current:Full Text</subfield>
   <subfield code="z">1000000000949349</subfield>
  </datafield>
 </record>