
 <record>
  <leader>-----nas-a2200000z--4500</leader>
  <controlfield tag="008">131125uuuuuuuuuxx-uu-|------u|----|eng-d</controlfield>
  <datafield tag="010" ind1="" ind2="">
   <subfield code="a">  2005249028</subfield>
  </datafield>
  <datafield tag="245" ind1="" ind2="0">
   <subfield code="a">Journal of soils and sediments</subfield>
  </datafield>
  <datafield tag="210" ind1="" ind2="">
   <subfield code="a">J. SOILS SEDIMENTS</subfield>
  </datafield>
  <datafield tag="210" ind1="" ind2="">
   <subfield code="a">JOURNAL OF SOILS &amp; SEDIMENTS</subfield>
  </datafield>
  <datafield tag="210" ind1="" ind2="">
   <subfield code="a">J SOIL SEDIMENT</subfield>
  </datafield>
  <datafield tag="260" ind1="" ind2="">
   <subfield code="a">Landsberg, Germany</subfield>
   <subfield code="b">Ecomed Pub.</subfield>
  </datafield>
  <datafield tag="022" ind1="" ind2="">
   <subfield code="a">1439-0108</subfield>
  </datafield>
  <datafield tag="776" ind1="" ind2="">
   <subfield code="x">1614-7480</subfield>
  </datafield>
  <datafield tag="090" ind1="" ind2="">
   <subfield code="a">111006902711080</subfield>
  </datafield>
  <datafield tag="866" ind1="" ind2="">
   <subfield code="a">Available from 2001 volume: 1 issue: 1. </subfield>
   <subfield code="s">1000000000002533</subfield>
   <subfield code="t">1000000000001874</subfield>
   <subfield code="x">Canadian Research Knowledge Network Springer Link Current:Full Text</subfield>
   <subfield code="z">3360000000813225</subfield>
  </datafield>
 </record>