
 <record>
  <leader>-----nas-a2200000z--4500</leader>
  <controlfield tag="008">131125uuuuuuuuuxx-uu-|------u|----|eng-d</controlfield>
  <datafield tag="010" ind1="" ind2="">
   <subfield code="a">  2002229020</subfield>
  </datafield>
  <datafield tag="245" ind1="" ind2="0">
   <subfield code="a">Fuzzy Optimization and Decision Making</subfield>
  </datafield>
  <datafield tag="210" ind1="" ind2="">
   <subfield code="a">FUZZY OPTIM DECIS MAK</subfield>
  </datafield>
  <datafield tag="210" ind1="" ind2="">
   <subfield code="a">FUZZY OPTIMIZATION &amp; DECISION MAKING</subfield>
  </datafield>
  <datafield tag="210" ind1="" ind2="">
   <subfield code="a">FUZZY OPTIM DECIS MA</subfield>
  </datafield>
  <datafield tag="260" ind1="" ind2="">
   <subfield code="a">[Dordrecht?]</subfield>
   <subfield code="b">Kluwer Academic Publishers</subfield>
  </datafield>
  <datafield tag="022" ind1="" ind2="">
   <subfield code="a">1568-4539</subfield>
  </datafield>
  <datafield tag="776" ind1="" ind2="">
   <subfield code="x">1573-2908</subfield>
  </datafield>
  <datafield tag="090" ind1="" ind2="">
   <subfield code="a">111014393768036</subfield>
  </datafield>
  <datafield tag="866" ind1="" ind2="">
   <subfield code="a">Available from 2002 volume: 1 issue: 1. </subfield>
   <subfield code="s">1000000000002533</subfield>
   <subfield code="t">1000000000001874</subfield>
   <subfield code="x">Canadian Research Knowledge Network Springer Link Current:Full Text</subfield>
   <subfield code="z">1000000000949250</subfield>
  </datafield>
 </record>