
 <record>
  <leader>-----nas-a2200000z--4500</leader>
  <controlfield tag="008">131125uuuuuuuuuxx-uu-|------u|----|ger-d</controlfield>
  <datafield tag="245" ind1="" ind2="0">
   <subfield code="a">Deutsche Gesellschaft für Versicherungsmathematik. Blätter.</subfield>
  </datafield>
  <datafield tag="210" ind1="" ind2="">
   <subfield code="a">DEUTSCHE GESELLSCHAFT FUER VERSICHERUNGSMATHEMATIK. BLAETTER</subfield>
  </datafield>
  <datafield tag="210" ind1="" ind2="">
   <subfield code="a">BLÄTTER DER DGVFM </subfield>
  </datafield>
  <datafield tag="260" ind1="" ind2="">
   <subfield code="b">Springer</subfield>
  </datafield>
  <datafield tag="022" ind1="" ind2="">
   <subfield code="a">0012-0200</subfield>
  </datafield>
  <datafield tag="090" ind1="" ind2="">
   <subfield code="a">111016560220038</subfield>
  </datafield>
  <datafield tag="866" ind1="" ind2="">
   <subfield code="a">Available from 1950 volume: 1 until 2002 volume: 25. </subfield>
   <subfield code="b">$obj-&gt;parsedDate('&gt;=','1950','1',undef) &amp;&amp; $obj-&gt;parsedDate('&lt;=','2002','25',undef)</subfield>
   <subfield code="c">L</subfield>
   <subfield code="s">1000000000002986</subfield>
   <subfield code="t">1000000000002296</subfield>
   <subfield code="x">Canadian Research Knowledge Network Springer Link Archive:Full Text</subfield>
   <subfield code="z">1000000001826197</subfield>
  </datafield>
  <datafield tag="866" ind1="" ind2="">
   <subfield code="a">Available from 1997 volume: 23 issue: 1 until 2002 volume: 25 issue: 4. </subfield>
   <subfield code="s">1000000000002533</subfield>
   <subfield code="t">1000000000001874</subfield>
   <subfield code="x">Canadian Research Knowledge Network Springer Link Current:Full Text</subfield>
   <subfield code="z">3390000000100970</subfield>
  </datafield>
 </record>