
 <record>
  <leader>-----nas-a2200000z--4500</leader>
  <controlfield tag="008">131125uuuuuuuuuxx-uu-|------u|----|ger-d</controlfield>
  <datafield tag="245" ind1="" ind2="0">
   <subfield code="a">Ocean dynamics</subfield>
  </datafield>
  <datafield tag="210" ind1="" ind2="">
   <subfield code="a">OCEAN DYN</subfield>
  </datafield>
  <datafield tag="210" ind1="" ind2="">
   <subfield code="a">OCEAN DYNAM</subfield>
  </datafield>
  <datafield tag="260" ind1="" ind2="">
   <subfield code="a">Berlin, Germany</subfield>
   <subfield code="b">Springer-Verlag</subfield>
  </datafield>
  <datafield tag="022" ind1="" ind2="">
   <subfield code="a">1616-7341</subfield>
  </datafield>
  <datafield tag="776" ind1="" ind2="">
   <subfield code="x">1616-7228</subfield>
  </datafield>
  <datafield tag="090" ind1="" ind2="">
   <subfield code="a">111025029846002</subfield>
  </datafield>
  <datafield tag="866" ind1="" ind2="">
   <subfield code="a">Available from 1948 volume: 1 issue: 1 until 1996. </subfield>
   <subfield code="s">1000000000002986</subfield>
   <subfield code="t">1000000000002296</subfield>
   <subfield code="x">Canadian Research Knowledge Network Springer Link Archive:Full Text</subfield>
   <subfield code="z">1000000001788934</subfield>
  </datafield>
  <datafield tag="866" ind1="" ind2="">
   <subfield code="a">Available from 2001 volume: 52 issue: 1. </subfield>
   <subfield code="s">1000000000002533</subfield>
   <subfield code="t">1000000000001874</subfield>
   <subfield code="x">Canadian Research Knowledge Network Springer Link Current:Full Text</subfield>
   <subfield code="z">1000000000949784</subfield>
  </datafield>
 </record>