
 <record>
  <leader>-----nas-a2200000z--4500</leader>
  <controlfield tag="008">131125uuuuuuuuuxx-uu-|------u|----|eng-d</controlfield>
  <datafield tag="010" ind1="" ind2="">
   <subfield code="a">  2005215865</subfield>
  </datafield>
  <datafield tag="245" ind1="" ind2="0">
   <subfield code="a">Clinical reviews in bone and mineral metabolism</subfield>
  </datafield>
  <datafield tag="260" ind1="" ind2="">
   <subfield code="a">Totona, NJ</subfield>
   <subfield code="b">Springer New York</subfield>
  </datafield>
  <datafield tag="022" ind1="" ind2="">
   <subfield code="a">1534-8644</subfield>
  </datafield>
  <datafield tag="776" ind1="" ind2="">
   <subfield code="x">1559-0119</subfield>
  </datafield>
  <datafield tag="090" ind1="" ind2="">
   <subfield code="a">111025286560046</subfield>
  </datafield>
  <datafield tag="866" ind1="" ind2="">
   <subfield code="a">Available from 2002 volume: 1 issue: 1. </subfield>
   <subfield code="s">1000000000002533</subfield>
   <subfield code="t">1000000000001874</subfield>
   <subfield code="x">Canadian Research Knowledge Network Springer Link Current:Full Text</subfield>
   <subfield code="z">1000000001826012</subfield>
  </datafield>
 </record>