
 <record>
  <leader>-----nas-a2200000z--4500</leader>
  <controlfield tag="008">131125uuuuuuuuuxx-uu-|------u|----|eng-d</controlfield>
  <datafield tag="245" ind1="" ind2="0">
   <subfield code="a">Central European Journal of Physics</subfield>
  </datafield>
  <datafield tag="210" ind1="" ind2="">
   <subfield code="a">CENT EUR J PHYS</subfield>
  </datafield>
  <datafield tag="260" ind1="" ind2="">
   <subfield code="a">Warsaw</subfield>
   <subfield code="b">Versita</subfield>
  </datafield>
  <datafield tag="022" ind1="" ind2="">
   <subfield code="a">1895-1082</subfield>
  </datafield>
  <datafield tag="776" ind1="" ind2="">
   <subfield code="x">1644-3608</subfield>
  </datafield>
  <datafield tag="090" ind1="" ind2="">
   <subfield code="a">111035998868056</subfield>
  </datafield>
  <datafield tag="866" ind1="" ind2="">
   <subfield code="a">Available from 2003 volume: 1 issue: 1. </subfield>
   <subfield code="s">1000000000002533</subfield>
   <subfield code="t">1000000000001874</subfield>
   <subfield code="x">Canadian Research Knowledge Network Springer Link Current:Full Text</subfield>
   <subfield code="z">1000000000949021</subfield>
  </datafield>
 </record>