
 <record>
  <leader>-----nas-a2200000z--4500</leader>
  <controlfield tag="008">131125uuuuuuuuuxx-uu-|------u|----|fre-d</controlfield>
  <datafield tag="010" ind1="" ind2="">
   <subfield code="a">  2001243111</subfield>
  </datafield>
  <datafield tag="245" ind1="" ind2="0">
   <subfield code="a">Réanimation</subfield>
  </datafield>
  <datafield tag="260" ind1="" ind2="">
   <subfield code="a">[Paris, France]</subfield>
   <subfield code="b">Elsevier Masson SAS</subfield>
  </datafield>
  <datafield tag="022" ind1="" ind2="">
   <subfield code="a">1624-0693</subfield>
  </datafield>
  <datafield tag="776" ind1="" ind2="">
   <subfield code="x">1951-6959</subfield>
  </datafield>
  <datafield tag="090" ind1="" ind2="">
   <subfield code="a">111053442507034</subfield>
  </datafield>
  <datafield tag="866" ind1="" ind2="">
   <subfield code="a">Available from 2011 volume: 20 issue: 1. </subfield>
   <subfield code="s">1000000000002533</subfield>
   <subfield code="t">1000000000001874</subfield>
   <subfield code="x">Canadian Research Knowledge Network Springer Link Current:Full Text</subfield>
   <subfield code="z">3390000000101025</subfield>
  </datafield>
 </record>