
 <record>
  <leader>-----nas-a2200000z--4500</leader>
  <controlfield tag="008">131125uuuuuuuuuxx-uu-|------u|----|spa-d</controlfield>
  <datafield tag="010" ind1="" ind2="">
   <subfield code="a">  2003234441</subfield>
  </datafield>
  <datafield tag="245" ind1="" ind2="0">
   <subfield code="a">Revista de la Real Academia de Ciencias Exactas, Físicas y Naturales. Serie A, Matemáticas</subfield>
  </datafield>
  <datafield tag="210" ind1="" ind2="">
   <subfield code="a">REVISTA DE LA REAL ACADEMIA DE CIENCIAS EXACTAS, FíSICAS Y NATURALES. SERIE A, MATEMáTICAS</subfield>
  </datafield>
  <datafield tag="210" ind1="" ind2="">
   <subfield code="a">RACSAM REV. R. ACAD. CIENC. EXACTAS FIS. NAT. SER. A MAT</subfield>
  </datafield>
  <datafield tag="210" ind1="" ind2="">
   <subfield code="a">REVISTA DE LA REAL ACADEMIA DE CIENCIAS EXACTAS, FISICAS Y NATURALES - SERIE A</subfield>
  </datafield>
  <datafield tag="210" ind1="" ind2="">
   <subfield code="a">RACSAM REV R ACAD A</subfield>
  </datafield>
  <datafield tag="260" ind1="" ind2="">
   <subfield code="a">Madrid</subfield>
   <subfield code="b">Real Academia de Ciencias Exactas, Físicas y Naturales</subfield>
  </datafield>
  <datafield tag="022" ind1="" ind2="">
   <subfield code="a">1578-7303</subfield>
  </datafield>
  <datafield tag="776" ind1="" ind2="">
   <subfield code="x">1579-1505</subfield>
  </datafield>
  <datafield tag="090" ind1="" ind2="">
   <subfield code="a">111056645950286</subfield>
  </datafield>
  <datafield tag="866" ind1="" ind2="">
   <subfield code="a">Available from 2008 volume: 102 issue: 1. </subfield>
   <subfield code="s">1000000000002533</subfield>
   <subfield code="t">1000000000001874</subfield>
   <subfield code="x">Canadian Research Knowledge Network Springer Link Current:Full Text</subfield>
   <subfield code="z">3360000000369325</subfield>
  </datafield>
 </record>