
 <record>
  <leader>-----nas-a2200000z--4500</leader>
  <controlfield tag="008">131125uuuuuuuuuxx-uu-|------u|----|eng-d</controlfield>
  <datafield tag="010" ind1="" ind2="">
   <subfield code="a">  2003234537</subfield>
  </datafield>
  <datafield tag="245" ind1="" ind2="0">
   <subfield code="a">Review of world economics</subfield>
  </datafield>
  <datafield tag="210" ind1="" ind2="">
   <subfield code="a">REVIEW OF WORLD ECONOMICS</subfield>
  </datafield>
  <datafield tag="210" ind1="" ind2="">
   <subfield code="a">REV WORLD ECON</subfield>
  </datafield>
  <datafield tag="260" ind1="" ind2="">
   <subfield code="a">Heidelberg</subfield>
   <subfield code="b">Springer</subfield>
  </datafield>
  <datafield tag="022" ind1="" ind2="">
   <subfield code="a">1610-2878</subfield>
  </datafield>
  <datafield tag="776" ind1="" ind2="">
   <subfield code="x">1610-2886</subfield>
  </datafield>
  <datafield tag="090" ind1="" ind2="">
   <subfield code="a">111056649139302</subfield>
  </datafield>
  <datafield tag="866" ind1="" ind2="">
   <subfield code="a">Available from 1970 volume: 104 issue: 1 until 1996. </subfield>
   <subfield code="s">1000000000002986</subfield>
   <subfield code="t">1000000000002296</subfield>
   <subfield code="x">Canadian Research Knowledge Network Springer Link Archive:Full Text</subfield>
   <subfield code="z">1000000001789318</subfield>
  </datafield>
  <datafield tag="866" ind1="" ind2="">
   <subfield code="a">Available from 2003 volume: 139 issue: 1. </subfield>
   <subfield code="s">1000000000002533</subfield>
   <subfield code="t">1000000000001874</subfield>
   <subfield code="x">Canadian Research Knowledge Network Springer Link Current:Full Text</subfield>
   <subfield code="z">1000000000949916</subfield>
  </datafield>
 </record>