
 <record>
  <leader>-----nas-a2200000z--4500</leader>
  <controlfield tag="008">131125uuuuuuuuuxx-uu-|------u|----|eng-d</controlfield>
  <datafield tag="010" ind1="" ind2="">
   <subfield code="a">  2004700260</subfield>
  </datafield>
  <datafield tag="245" ind1="" ind2="0">
   <subfield code="a">Journal of material cycles and waste management</subfield>
  </datafield>
  <datafield tag="210" ind1="" ind2="">
   <subfield code="a">JOURNAL OF MATERIAL CYCLES &amp; WASTE MANAGEMENT</subfield>
  </datafield>
  <datafield tag="210" ind1="" ind2="">
   <subfield code="a">J. MATER. CYCLES WASTE MANAGE</subfield>
  </datafield>
  <datafield tag="210" ind1="" ind2="">
   <subfield code="a">J MATER CYCLES WASTE</subfield>
  </datafield>
  <datafield tag="260" ind1="" ind2="">
   <subfield code="a">Tokyo</subfield>
   <subfield code="b">Springer-Verlag</subfield>
  </datafield>
  <datafield tag="022" ind1="" ind2="">
   <subfield code="a">1438-4957</subfield>
  </datafield>
  <datafield tag="776" ind1="" ind2="">
   <subfield code="x">1611-8227</subfield>
  </datafield>
  <datafield tag="090" ind1="" ind2="">
   <subfield code="a">111057004864008</subfield>
  </datafield>
  <datafield tag="866" ind1="" ind2="">
   <subfield code="a">Available from 1999 volume: 1 issue: 1. </subfield>
   <subfield code="s">1000000000002533</subfield>
   <subfield code="t">1000000000001874</subfield>
   <subfield code="x">Canadian Research Knowledge Network Springer Link Current:Full Text</subfield>
   <subfield code="z">1000000000949545</subfield>
  </datafield>
 </record>