
 <record>
  <leader>-----nas-a2200000z--4500</leader>
  <controlfield tag="008">131125uuuuuuuuuxx-uu-|------u|----|ger-d</controlfield>
  <datafield tag="010" ind1="" ind2="">
   <subfield code="a">  2008233217</subfield>
  </datafield>
  <datafield tag="245" ind1="" ind2="">
   <subfield code="a">Zeitschrift für Epileptologie</subfield>
  </datafield>
  <datafield tag="260" ind1="" ind2="">
   <subfield code="a">Darmstadt, Germany</subfield>
   <subfield code="b">Springer Berlin Heidelberg</subfield>
  </datafield>
  <datafield tag="022" ind1="" ind2="">
   <subfield code="a">1617-6782</subfield>
  </datafield>
  <datafield tag="776" ind1="" ind2="">
   <subfield code="x">1610-0646</subfield>
  </datafield>
  <datafield tag="090" ind1="" ind2="">
   <subfield code="a">111057004872064</subfield>
  </datafield>
  <datafield tag="866" ind1="" ind2="">
   <subfield code="a">Available from 2003 volume: 16 issue: 1. </subfield>
   <subfield code="s">1000000000002533</subfield>
   <subfield code="t">1000000000001874</subfield>
   <subfield code="x">Canadian Research Knowledge Network Springer Link Current:Full Text</subfield>
   <subfield code="z">1000000000950107</subfield>
  </datafield>
 </record>