
 <record>
  <leader>-----nas-a2200000z--4500</leader>
  <controlfield tag="008">131125uuuuuuuuuxx-uu-|------u|----|eng-d</controlfield>
  <datafield tag="010" ind1="" ind2="">
   <subfield code="a">  2004255102</subfield>
  </datafield>
  <datafield tag="245" ind1="" ind2="0">
   <subfield code="a">Software and Systems Modeling</subfield>
  </datafield>
  <datafield tag="210" ind1="" ind2="">
   <subfield code="a">SOFTWARE &amp; SYSTEMS MODELING</subfield>
  </datafield>
  <datafield tag="210" ind1="" ind2="">
   <subfield code="a">SOFTW SYST MODEL</subfield>
  </datafield>
  <datafield tag="260" ind1="" ind2="">
   <subfield code="a">[Heidelberg]</subfield>
   <subfield code="b">Springer</subfield>
  </datafield>
  <datafield tag="022" ind1="" ind2="">
   <subfield code="a">1619-1366</subfield>
  </datafield>
  <datafield tag="776" ind1="" ind2="">
   <subfield code="x">1619-1374</subfield>
  </datafield>
  <datafield tag="090" ind1="" ind2="">
   <subfield code="a">111057004872066</subfield>
  </datafield>
  <datafield tag="866" ind1="" ind2="">
   <subfield code="a">Available from 2002 volume: 1 issue: 1. </subfield>
   <subfield code="s">1000000000002533</subfield>
   <subfield code="t">1000000000001874</subfield>
   <subfield code="x">Canadian Research Knowledge Network Springer Link Current:Full Text</subfield>
   <subfield code="z">1000000000949968</subfield>
  </datafield>
 </record>