
 <record>
  <leader>-----nas-a2200000z--4500</leader>
  <controlfield tag="008">131125uuuuuuuuuxx-uu-|------u|----|eng-d</controlfield>
  <datafield tag="010" ind1="" ind2="">
   <subfield code="a">   73645383 </subfield>
  </datafield>
  <datafield tag="245" ind1="" ind2="">
   <subfield code="a">Bulletin Brazilian Mathematical Society</subfield>
  </datafield>
  <datafield tag="210" ind1="" ind2="">
   <subfield code="a">BULLETIN OF THE BRAZILIAN MATHEMATICAL SOCIETY</subfield>
  </datafield>
  <datafield tag="210" ind1="" ind2="">
   <subfield code="a">BULL. BRAZ. MATH. SOC. (N.S.)</subfield>
  </datafield>
  <datafield tag="210" ind1="" ind2="">
   <subfield code="a">B BRAZ MATH SOC</subfield>
  </datafield>
  <datafield tag="260" ind1="" ind2="">
   <subfield code="a">Rio de Janeiro</subfield>
   <subfield code="b">Sociedade Brasileira de Matemática</subfield>
  </datafield>
  <datafield tag="022" ind1="" ind2="">
   <subfield code="a">1678-7544</subfield>
  </datafield>
  <datafield tag="776" ind1="" ind2="">
   <subfield code="x">1678-7714</subfield>
  </datafield>
  <datafield tag="090" ind1="" ind2="">
   <subfield code="a">111057004872072</subfield>
  </datafield>
  <datafield tag="866" ind1="" ind2="">
   <subfield code="a">Available from 1970 volume: 1 issue: 1 until 1996. </subfield>
   <subfield code="s">1000000000002986</subfield>
   <subfield code="t">1000000000002296</subfield>
   <subfield code="x">Canadian Research Knowledge Network Springer Link Archive:Full Text</subfield>
   <subfield code="z">1000000001789019</subfield>
  </datafield>
  <datafield tag="866" ind1="" ind2="">
   <subfield code="a">Available from 1997 volume: 28 issue: 1. </subfield>
   <subfield code="s">1000000000002533</subfield>
   <subfield code="t">1000000000001874</subfield>
   <subfield code="x">Canadian Research Knowledge Network Springer Link Current:Full Text</subfield>
   <subfield code="z">1000000000948994</subfield>
  </datafield>
 </record>