
 <record>
  <leader>-----nas-a2200000z--4500</leader>
  <controlfield tag="008">131125uuuuuuuuuxx-uu-|------u|----|eng-d</controlfield>
  <datafield tag="010" ind1="" ind2="">
   <subfield code="a">  2010222850</subfield>
  </datafield>
  <datafield tag="245" ind1="" ind2="0">
   <subfield code="a">Research on language and computation</subfield>
  </datafield>
  <datafield tag="210" ind1="" ind2="">
   <subfield code="a">RESEARCH ON LANGUAGE &amp; COMPUTATION</subfield>
  </datafield>
  <datafield tag="210" ind1="" ind2="">
   <subfield code="a">RES. LANG. COMPUT</subfield>
  </datafield>
  <datafield tag="260" ind1="" ind2="">
   <subfield code="a">Dordrecht</subfield>
   <subfield code="b">Springer Netherlands</subfield>
  </datafield>
  <datafield tag="022" ind1="" ind2="">
   <subfield code="a">1570-7075</subfield>
  </datafield>
  <datafield tag="776" ind1="" ind2="">
   <subfield code="x">1572-8706</subfield>
  </datafield>
  <datafield tag="090" ind1="" ind2="">
   <subfield code="a">111057011092032</subfield>
  </datafield>
  <datafield tag="866" ind1="" ind2="">
   <subfield code="a">Available from 2003 volume: 1 issue: 1 until 2010 volume: 8 issue: 1. </subfield>
   <subfield code="s">1000000000002533</subfield>
   <subfield code="t">1000000000001874</subfield>
   <subfield code="x">Canadian Research Knowledge Network Springer Link Current:Full Text</subfield>
   <subfield code="z">1000000000949907</subfield>
  </datafield>
 </record>