
 <record>
  <leader>-----nas-a2200000z--4500</leader>
  <controlfield tag="008">131125uuuuuuuuuxx-uu-|------u|----|eng-d</controlfield>
  <datafield tag="010" ind1="" ind2="">
   <subfield code="a">  2007204105</subfield>
  </datafield>
  <datafield tag="245" ind1="" ind2="0">
   <subfield code="a">Analysis in theory and applications</subfield>
  </datafield>
  <datafield tag="210" ind1="" ind2="">
   <subfield code="a">FEN XI 、 LI LUN YU YING YONG （ YING WEN BAN ）</subfield>
  </datafield>
  <datafield tag="210" ind1="" ind2="">
   <subfield code="a">分析、理论与应用（英文版）</subfield>
  </datafield>
  <datafield tag="210" ind1="" ind2="">
   <subfield code="a">分析、理論與應用（英文版）</subfield>
  </datafield>
  <datafield tag="210" ind1="" ind2="">
   <subfield code="a">FEN XI A LI LUN YU YING YONG I YING WEN BAN J</subfield>
  </datafield>
  <datafield tag="210" ind1="" ind2="">
   <subfield code="a">ANAL. THEORY APPL</subfield>
  </datafield>
  <datafield tag="210" ind1="" ind2="">
   <subfield code="a">FENXI,LILUN YU YINGYONG (YINGWENBAN)</subfield>
  </datafield>
  <datafield tag="210" ind1="" ind2="">
   <subfield code="a">分析;理论与应用 (英文版)</subfield>
  </datafield>
  <datafield tag="210" ind1="" ind2="">
   <subfield code="a">ANALYSIS IN THEORY &amp; APPLICATIONS</subfield>
  </datafield>
  <datafield tag="210" ind1="" ind2="">
   <subfield code="a">分析、理論與應用</subfield>
  </datafield>
  <datafield tag="260" ind1="" ind2="">
   <subfield code="a">Nanjing</subfield>
   <subfield code="b">Editorial Board of Analysis in Theory and Applications</subfield>
  </datafield>
  <datafield tag="022" ind1="" ind2="">
   <subfield code="a">1672-4070</subfield>
  </datafield>
  <datafield tag="776" ind1="" ind2="">
   <subfield code="x">1573-8175</subfield>
  </datafield>
  <datafield tag="090" ind1="" ind2="">
   <subfield code="a">111060272602022</subfield>
  </datafield>
  <datafield tag="866" ind1="" ind2="">
   <subfield code="a">Available from 2003 volume: 19 issue: 1. </subfield>
   <subfield code="s">1000000000002533</subfield>
   <subfield code="t">1000000000001874</subfield>
   <subfield code="x">Canadian Research Knowledge Network Springer Link Current:Full Text</subfield>
   <subfield code="z">1000000000948870</subfield>
  </datafield>
 </record>