
 <record>
  <leader>-----nas-a2200000z--4500</leader>
  <controlfield tag="008">131125uuuuuuuuuxx-uu-|------u|----|spa-d</controlfield>
  <datafield tag="245" ind1="" ind2="0">
   <subfield code="a">Revista de oncología</subfield>
  </datafield>
  <datafield tag="260" ind1="" ind2="">
   <subfield code="a">Barcelona</subfield>
   <subfield code="b">Doyma</subfield>
  </datafield>
  <datafield tag="022" ind1="" ind2="">
   <subfield code="a">1575-3018</subfield>
  </datafield>
  <datafield tag="090" ind1="" ind2="">
   <subfield code="a">111063913359042</subfield>
  </datafield>
  <datafield tag="866" ind1="" ind2="">
   <subfield code="a">Available from 2000 volume: 12 issue: 1 until 2004 volume: 6 issue: 9. </subfield>
   <subfield code="s">1000000000002533</subfield>
   <subfield code="t">1000000000001874</subfield>
   <subfield code="x">Canadian Research Knowledge Network Springer Link Current:Full Text</subfield>
   <subfield code="z">3390000000101022</subfield>
  </datafield>
 </record>