
 <record>
  <leader>-----nas-a2200000z--4500</leader>
  <controlfield tag="008">131125uuuuuuuuuxx-uu-|------u|----|spa-d</controlfield>
  <datafield tag="245" ind1="" ind2="0">
   <subfield code="a">Mediterranean journal of mathematics</subfield>
  </datafield>
  <datafield tag="210" ind1="" ind2="">
   <subfield code="a">MEDITERR. J. MATH</subfield>
  </datafield>
  <datafield tag="210" ind1="" ind2="">
   <subfield code="a">MEDITERR J MATH</subfield>
  </datafield>
  <datafield tag="260" ind1="" ind2="">
   <subfield code="a">Basel, Switzerland</subfield>
   <subfield code="b">Birkhäuser</subfield>
  </datafield>
  <datafield tag="022" ind1="" ind2="">
   <subfield code="a">1660-5446</subfield>
  </datafield>
  <datafield tag="776" ind1="" ind2="">
   <subfield code="x">1660-5454</subfield>
  </datafield>
  <datafield tag="090" ind1="" ind2="">
   <subfield code="a">111076424815014</subfield>
  </datafield>
  <datafield tag="866" ind1="" ind2="">
   <subfield code="a">Available from 2004 volume: 1 issue: 1. </subfield>
   <subfield code="s">1000000000002533</subfield>
   <subfield code="t">1000000000001874</subfield>
   <subfield code="x">Canadian Research Knowledge Network Springer Link Current:Full Text</subfield>
   <subfield code="z">1000000000949700</subfield>
  </datafield>
 </record>