
 <record>
  <leader>-----nas-a2200000z--4500</leader>
  <controlfield tag="008">131125uuuuuuuuuxx-uu-|------u|----|eng-d</controlfield>
  <datafield tag="010" ind1="" ind2="">
   <subfield code="a">  2003215329</subfield>
  </datafield>
  <datafield tag="245" ind1="" ind2="0">
   <subfield code="a">NeuroRx</subfield>
  </datafield>
  <datafield tag="210" ind1="" ind2="">
   <subfield code="a">NEURORX</subfield>
  </datafield>
  <datafield tag="260" ind1="" ind2="">
   <subfield code="a">Milwaukee, WI</subfield>
   <subfield code="b">Elsevier Collection</subfield>
  </datafield>
  <datafield tag="022" ind1="" ind2="">
   <subfield code="a">1545-5343</subfield>
  </datafield>
  <datafield tag="776" ind1="" ind2="">
   <subfield code="x">1545-5351</subfield>
  </datafield>
  <datafield tag="090" ind1="" ind2="">
   <subfield code="a">111077909314000</subfield>
  </datafield>
  <datafield tag="866" ind1="" ind2="">
   <subfield code="a">Available from 2004 volume: 1 issue: 1 until 2006 volume: 3 issue: 4. </subfield>
   <subfield code="b">$obj-&gt;parsedDate('&gt;=','2004','1','1') &amp;&amp; $obj-&gt;parsedDate('&lt;=','2006','3','4')</subfield>
   <subfield code="c">G</subfield>
   <subfield code="s">1000000000002533</subfield>
   <subfield code="t">1000000000001874</subfield>
   <subfield code="x">Canadian Research Knowledge Network Springer Link Current:Full Text</subfield>
   <subfield code="z">10920000000012987</subfield>
  </datafield>
 </record>