
 <record>
  <leader>-----nas-a2200000z--4500</leader>
  <controlfield tag="008">131125uuuuuuuuuxx-uu-|------u|----|eng-d</controlfield>
  <datafield tag="010" ind1="" ind2="">
   <subfield code="a">  2003215977</subfield>
  </datafield>
  <datafield tag="245" ind1="" ind2="0">
   <subfield code="a">Current heart failure reports</subfield>
  </datafield>
  <datafield tag="210" ind1="" ind2="">
   <subfield code="a">CURR HEART FAIL REP</subfield>
  </datafield>
  <datafield tag="260" ind1="" ind2="">
   <subfield code="a">Philadelphia, PA</subfield>
   <subfield code="b">Current Medicine Group LLC</subfield>
  </datafield>
  <datafield tag="022" ind1="" ind2="">
   <subfield code="a">1546-9530</subfield>
  </datafield>
  <datafield tag="776" ind1="" ind2="">
   <subfield code="x">1546-9549</subfield>
  </datafield>
  <datafield tag="090" ind1="" ind2="">
   <subfield code="a">111081461908002</subfield>
  </datafield>
  <datafield tag="866" ind1="" ind2="">
   <subfield code="a">Available from 2004 volume: 1 issue: 1. </subfield>
   <subfield code="s">1000000000002533</subfield>
   <subfield code="t">1000000000001874</subfield>
   <subfield code="x">Canadian Research Knowledge Network Springer Link Current:Full Text</subfield>
   <subfield code="z">1000000001826021</subfield>
  </datafield>
 </record>