
 <record>
  <leader>-----nas-a2200000z--4500</leader>
  <controlfield tag="008">131125uuuuuuuuuxx-uu-|------u|----|por-d</controlfield>
  <datafield tag="010" ind1="" ind2="">
   <subfield code="a">  2004208405</subfield>
  </datafield>
  <datafield tag="245" ind1="" ind2="0">
   <subfield code="a">Journal of the Brazilian Society of Mechanical Sciences and Engineering</subfield>
  </datafield>
  <datafield tag="210" ind1="" ind2="">
   <subfield code="a">JOURNAL OF THE BRAZILIAN SOCIETY OF MECHANICAL SCIENCES &amp; ENGINEERING</subfield>
  </datafield>
  <datafield tag="210" ind1="" ind2="">
   <subfield code="a">J BRAZIL SOC MECH SCI ENG</subfield>
  </datafield>
  <datafield tag="210" ind1="" ind2="">
   <subfield code="a">J BRAZ SOC MECH SCI</subfield>
  </datafield>
  <datafield tag="260" ind1="" ind2="">
   <subfield code="a">Rio de Janeiro, RJ, Brazil</subfield>
   <subfield code="b">Brazilian Society of Mechanical Sciences and Engineering</subfield>
  </datafield>
  <datafield tag="022" ind1="" ind2="">
   <subfield code="a">1678-5878</subfield>
  </datafield>
  <datafield tag="776" ind1="" ind2="">
   <subfield code="x">1806-3691</subfield>
  </datafield>
  <datafield tag="090" ind1="" ind2="">
   <subfield code="a">111082143899000</subfield>
  </datafield>
  <datafield tag="866" ind1="" ind2="">
   <subfield code="a">Available from 2013 volume: 35 issue: 1. </subfield>
   <subfield code="s">1000000000002533</subfield>
   <subfield code="t">1000000000001874</subfield>
   <subfield code="x">Canadian Research Knowledge Network Springer Link Current:Full Text</subfield>
   <subfield code="z">3360000000813236</subfield>
  </datafield>
 </record>