
 <record>
  <leader>-----nas-a2200000z--4500</leader>
  <controlfield tag="008">131125uuuuuuuuuxx-uu-|------u|----|ger-d</controlfield>
  <datafield tag="010" ind1="" ind2="">
   <subfield code="a">  2006220179</subfield>
  </datafield>
  <datafield tag="245" ind1="" ind2="0">
   <subfield code="a">European journal of wildlife research</subfield>
  </datafield>
  <datafield tag="210" ind1="" ind2="">
   <subfield code="a">EUR. J. WILDL. RES</subfield>
  </datafield>
  <datafield tag="210" ind1="" ind2="">
   <subfield code="a">EUR J WILDLIFE RES</subfield>
  </datafield>
  <datafield tag="260" ind1="" ind2="">
   <subfield code="a">Berlin</subfield>
   <subfield code="b">Springer Berlin Heidelberg</subfield>
  </datafield>
  <datafield tag="022" ind1="" ind2="">
   <subfield code="a">1612-4642</subfield>
  </datafield>
  <datafield tag="776" ind1="" ind2="">
   <subfield code="x">1439-0574</subfield>
  </datafield>
  <datafield tag="090" ind1="" ind2="">
   <subfield code="a">111084892763002</subfield>
  </datafield>
  <datafield tag="866" ind1="" ind2="">
   <subfield code="a">Available from 2004 volume: 50 issue: 1. </subfield>
   <subfield code="s">1000000000002533</subfield>
   <subfield code="t">1000000000001874</subfield>
   <subfield code="x">Canadian Research Knowledge Network Springer Link Current:Full Text</subfield>
   <subfield code="z">1000000000949207</subfield>
  </datafield>
 </record>