
 <record>
  <leader>-----nas-a2200000z--4500</leader>
  <controlfield tag="008">131125uuuuuuuuuxx-uu-|------u|----|eng-d</controlfield>
  <datafield tag="010" ind1="" ind2="">
   <subfield code="a">  2003202580</subfield>
  </datafield>
  <datafield tag="245" ind1="" ind2="0">
   <subfield code="a">Journal of failure analysis and prevention</subfield>
  </datafield>
  <datafield tag="210" ind1="" ind2="">
   <subfield code="a">J FAIL FAIL ANAL PREV</subfield>
  </datafield>
  <datafield tag="210" ind1="" ind2="">
   <subfield code="a">JOURNAL OF FAILURE ANALYSIS &amp; PREVENTION</subfield>
  </datafield>
  <datafield tag="210" ind1="" ind2="">
   <subfield code="a">J. FAIL. ANAL. PREV</subfield>
  </datafield>
  <datafield tag="260" ind1="" ind2="">
   <subfield code="a">Materials Park, Ohio</subfield>
   <subfield code="b">Springer US</subfield>
  </datafield>
  <datafield tag="022" ind1="" ind2="">
   <subfield code="a">1547-7029</subfield>
  </datafield>
  <datafield tag="776" ind1="" ind2="">
   <subfield code="x">1864-1245</subfield>
  </datafield>
  <datafield tag="090" ind1="" ind2="">
   <subfield code="a">111085436321030</subfield>
  </datafield>
  <datafield tag="866" ind1="" ind2="">
   <subfield code="a">Available from 2001 volume: 1 issue: 1. </subfield>
   <subfield code="s">1000000000002533</subfield>
   <subfield code="t">1000000000001874</subfield>
   <subfield code="x">Canadian Research Knowledge Network Springer Link Current:Full Text</subfield>
   <subfield code="z">1000000000949496</subfield>
  </datafield>
 </record>