
 <record>
  <leader>-----nas-a2200000z--4500</leader>
  <controlfield tag="008">131125uuuuuuuuuxx-uu-|------u|----|eng-d</controlfield>
  <datafield tag="010" ind1="" ind2="">
   <subfield code="a">  2004252555</subfield>
  </datafield>
  <datafield tag="245" ind1="" ind2="0">
   <subfield code="a">Australian educational researcher</subfield>
  </datafield>
  <datafield tag="210" ind1="" ind2="">
   <subfield code="a">AER</subfield>
  </datafield>
  <datafield tag="210" ind1="" ind2="">
   <subfield code="a">AUST EDUC RES</subfield>
  </datafield>
  <datafield tag="260" ind1="" ind2="">
   <subfield code="a">North Ryde, N.S.W.</subfield>
   <subfield code="b">Australian Association for Research in Education</subfield>
  </datafield>
  <datafield tag="022" ind1="" ind2="">
   <subfield code="a">0311-6999</subfield>
  </datafield>
  <datafield tag="776" ind1="" ind2="">
   <subfield code="x">2210-5328</subfield>
  </datafield>
  <datafield tag="090" ind1="" ind2="">
   <subfield code="a">111086125838002</subfield>
  </datafield>
  <datafield tag="866" ind1="" ind2="">
   <subfield code="a">Available from 2011 volume: 38 issue: 1. </subfield>
   <subfield code="s">1000000000002533</subfield>
   <subfield code="t">1000000000001874</subfield>
   <subfield code="x">Canadian Research Knowledge Network Springer Link Current:Full Text</subfield>
   <subfield code="z">3400000000000701</subfield>
  </datafield>
 </record>