
 <record>
  <leader>-----nas-a2200000z--4500</leader>
  <controlfield tag="008">131125uuuuuuuuuxx-uu-|------u|----|eng-d</controlfield>
  <datafield tag="010" ind1="" ind2="">
   <subfield code="a">   55041948 </subfield>
  </datafield>
  <datafield tag="245" ind1="" ind2="">
   <subfield code="a">Transactions of the Indian Institute of Metals</subfield>
  </datafield>
  <datafield tag="210" ind1="" ind2="">
   <subfield code="a">TRANS INDIAN INST MET</subfield>
  </datafield>
  <datafield tag="210" ind1="" ind2="">
   <subfield code="a">T INDIAN I METALS</subfield>
  </datafield>
  <datafield tag="260" ind1="" ind2="">
   <subfield code="a">New Delhi</subfield>
   <subfield code="b">Springer India</subfield>
  </datafield>
  <datafield tag="022" ind1="" ind2="">
   <subfield code="a">0972-2815</subfield>
  </datafield>
  <datafield tag="776" ind1="" ind2="">
   <subfield code="x">0975-1645</subfield>
  </datafield>
  <datafield tag="090" ind1="" ind2="">
   <subfield code="a">111088542138036</subfield>
  </datafield>
  <datafield tag="866" ind1="" ind2="">
   <subfield code="a">Available from 2009 volume: 62 issue: 1. </subfield>
   <subfield code="s">1000000000002533</subfield>
   <subfield code="t">1000000000001874</subfield>
   <subfield code="x">Canadian Research Knowledge Network Springer Link Current:Full Text</subfield>
   <subfield code="z">2480000000001506</subfield>
  </datafield>
 </record>