
 <record>
  <leader>-----nas-a2200000z--4500</leader>
  <controlfield tag="008">131125uuuuuuuuuxx-uu-|------u|----|eng-d</controlfield>
  <datafield tag="245" ind1="" ind2="0">
   <subfield code="a">Revue Francophone de Psycho-Oncologie</subfield>
  </datafield>
  <datafield tag="260" ind1="" ind2="">
   <subfield code="a">[Paris]</subfield>
   <subfield code="b">[Springer-Verlag France]</subfield>
  </datafield>
  <datafield tag="022" ind1="" ind2="">
   <subfield code="a">1760-4133</subfield>
  </datafield>
  <datafield tag="776" ind1="" ind2="">
   <subfield code="x">1765-2863</subfield>
  </datafield>
  <datafield tag="090" ind1="" ind2="">
   <subfield code="a">111093368829138</subfield>
  </datafield>
  <datafield tag="866" ind1="" ind2="">
   <subfield code="a">Available from 2004 volume: 3 issue: 1 until 2006 volume: 5 issue: 4. </subfield>
   <subfield code="s">1000000000002533</subfield>
   <subfield code="t">1000000000001874</subfield>
   <subfield code="x">Canadian Research Knowledge Network Springer Link Current:Full Text</subfield>
   <subfield code="z">2590000000002541</subfield>
  </datafield>
 </record>