
 <record>
  <leader>-----nas-a2200000z--4500</leader>
  <controlfield tag="008">131125uuuuuuuuuxx-uu-|------u|----|eng-d</controlfield>
  <datafield tag="010" ind1="" ind2="">
   <subfield code="a">  2006263133</subfield>
  </datafield>
  <datafield tag="245" ind1="" ind2="0">
   <subfield code="a">Information systems and e-business management</subfield>
  </datafield>
  <datafield tag="210" ind1="" ind2="">
   <subfield code="a">INF. SYST. E-BUS. MANAGE</subfield>
  </datafield>
  <datafield tag="210" ind1="" ind2="">
   <subfield code="a">INFORMATION SYSTEMS &amp; EBUSINESS MANAGEMENT</subfield>
  </datafield>
  <datafield tag="210" ind1="" ind2="">
   <subfield code="a">INF SYST E-BUS MANAG</subfield>
  </datafield>
  <datafield tag="260" ind1="" ind2="">
   <subfield code="a">Heidelberg</subfield>
   <subfield code="b">Springer</subfield>
  </datafield>
  <datafield tag="022" ind1="" ind2="">
   <subfield code="a">1617-9846</subfield>
  </datafield>
  <datafield tag="776" ind1="" ind2="">
   <subfield code="x">1617-9854</subfield>
  </datafield>
  <datafield tag="090" ind1="" ind2="">
   <subfield code="a">111098844742004</subfield>
  </datafield>
  <datafield tag="866" ind1="" ind2="">
   <subfield code="a">Available from 2003 volume: 1 issue: 1. </subfield>
   <subfield code="s">1000000000002533</subfield>
   <subfield code="t">1000000000001874</subfield>
   <subfield code="x">Canadian Research Knowledge Network Springer Link Current:Full Text</subfield>
   <subfield code="z">1000000000949324</subfield>
  </datafield>
 </record>