
 <record>
  <leader>-----nas-a2200000z--4500</leader>
  <controlfield tag="008">131125uuuuuuuuuxx-uu-|------u|----|eng-d</controlfield>
  <datafield tag="010" ind1="" ind2="">
   <subfield code="a">  2009242409</subfield>
  </datafield>
  <datafield tag="245" ind1="" ind2="">
   <subfield code="a">Internationales Archiv für Gewerbepathologie und Gewerbehygiene</subfield>
  </datafield>
  <datafield tag="210" ind1="" ind2="">
   <subfield code="a">INT ARCH GEWERBEPATHOL GEWERBEHYG</subfield>
  </datafield>
  <datafield tag="260" ind1="" ind2="">
   <subfield code="a">Berlin,</subfield>
   <subfield code="b">Springer-Verlag.</subfield>
  </datafield>
  <datafield tag="022" ind1="" ind2="">
   <subfield code="a">0367-9977</subfield>
  </datafield>
  <datafield tag="090" ind1="" ind2="">
   <subfield code="a">991042726121062</subfield>
  </datafield>
  <datafield tag="866" ind1="" ind2="">
   <subfield code="a">Available from 1962 volume: 19 until 1969 volume: 25. </subfield>
   <subfield code="b">$obj-&gt;parsedDate('&gt;=','1962','19',undef) &amp;&amp; $obj-&gt;parsedDate('&lt;=','1969','25',undef)</subfield>
   <subfield code="c">G</subfield>
   <subfield code="s">1000000000002986</subfield>
   <subfield code="t">1000000000002296</subfield>
   <subfield code="x">Canadian Research Knowledge Network Springer Link Archive:Full Text</subfield>
   <subfield code="z">10920000000043789</subfield>
  </datafield>
 </record>