
 <record>
  <leader>-----nas-a2200000z--4500</leader>
  <controlfield tag="008">131125uuuuuuuuuxx-uu-|------u|----|eng-d</controlfield>
  <datafield tag="010" ind1="" ind2="">
   <subfield code="a">  2001203725</subfield>
  </datafield>
  <datafield tag="245" ind1="" ind2="0">
   <subfield code="a">Arabian journal for science and engineering. Section B: Engineering</subfield>
  </datafield>
  <datafield tag="210" ind1="" ind2="">
   <subfield code="a">ARAB J SCI ENG</subfield>
  </datafield>
  <datafield tag="210" ind1="" ind2="">
   <subfield code="a">ARAB. J. SCI. ENG. SECT. A SCI</subfield>
  </datafield>
  <datafield tag="210" ind1="" ind2="">
   <subfield code="a">ARAB. J. SCI. ENG. SECT. B ENG</subfield>
  </datafield>
  <datafield tag="210" ind1="" ind2="">
   <subfield code="a">ARAB. J. SCI. ENG. SECT. C THEME ISSUES</subfield>
  </datafield>
  <datafield tag="210" ind1="" ind2="">
   <subfield code="a">ARABIAN JOURNAL FOR SCIENCE AND ENGINEERING. SECTION B, ENGINEERING</subfield>
  </datafield>
  <datafield tag="210" ind1="" ind2="">
   <subfield code="a">ARABIAN JOURNAL FOR SCIENCE AND ENGINEERING</subfield>
  </datafield>
  <datafield tag="210" ind1="" ind2="">
   <subfield code="a">ARABIAN JOURNAL FOR SCIENCE &amp; ENGINEERING, SECTION B</subfield>
  </datafield>
  <datafield tag="210" ind1="" ind2="">
   <subfield code="a">ARABIAN JOURNAL FOR SCIENCE AND ENGINEERING. SECTION B</subfield>
  </datafield>
  <datafield tag="260" ind1="" ind2="">
   <subfield code="a">Dhahran, Saudi Arabia</subfield>
   <subfield code="b">King Fahd University of Petroleum and Minerals</subfield>
  </datafield>
  <datafield tag="022" ind1="" ind2="">
   <subfield code="a">1319-8025</subfield>
  </datafield>
  <datafield tag="776" ind1="" ind2="">
   <subfield code="x">2191-4281</subfield>
  </datafield>
  <datafield tag="090" ind1="" ind2="">
   <subfield code="a">991042727012952</subfield>
  </datafield>
  <datafield tag="866" ind1="" ind2="">
   <subfield code="a">Available from 2011 volume: 36 issue: 1. </subfield>
   <subfield code="s">1000000000002533</subfield>
   <subfield code="t">1000000000001874</subfield>
   <subfield code="x">Canadian Research Knowledge Network Springer Link Current:Full Text</subfield>
   <subfield code="z">3360000000369319</subfield>
  </datafield>
 </record>