
 <record>
  <leader>-----nas-a2200000z--4500</leader>
  <controlfield tag="008">131125uuuuuuuuuxx-uu-|------u|----|eng-d</controlfield>
  <datafield tag="010" ind1="" ind2="">
   <subfield code="a">   82641814 </subfield>
  </datafield>
  <datafield tag="245" ind1="" ind2="4">
   <subfield code="a">The Forum</subfield>
  </datafield>
  <datafield tag="210" ind1="" ind2="">
   <subfield code="a">FORUM</subfield>
  </datafield>
  <datafield tag="260" ind1="" ind2="">
   <subfield code="a">Denton, Tex.</subfield>
   <subfield code="b">North Texas State University, Economics Dept.</subfield>
  </datafield>
  <datafield tag="022" ind1="" ind2="">
   <subfield code="a">0732-0426</subfield>
  </datafield>
  <datafield tag="090" ind1="" ind2="">
   <subfield code="a">991042728005534</subfield>
  </datafield>
  <datafield tag="866" ind1="" ind2="">
   <subfield code="a">Available in 1971 volume: 1. Available from 1975 volume: 5 until 1976 volume: 6. </subfield>
   <subfield code="b">($obj-&gt;parsedDate('==','1971','1',undef)) || ($obj-&gt;parsedDate('&gt;=','1975','5',undef) &amp;&amp; $obj-&gt;parsedDate('&lt;=','1976','6',undef))</subfield>
   <subfield code="c">G</subfield>
   <subfield code="s">1000000000002986</subfield>
   <subfield code="t">1000000000002296</subfield>
   <subfield code="x">Canadian Research Knowledge Network Springer Link Archive:Full Text</subfield>
   <subfield code="z">10920000000012322</subfield>
  </datafield>
 </record>