
 <record>
  <leader>-----nas-a2200000z--4500</leader>
  <controlfield tag="008">131125uuuuuuuuuxx-uu-|------u|----|eng-d</controlfield>
  <datafield tag="010" ind1="" ind2="">
   <subfield code="a">  2002201761</subfield>
  </datafield>
  <datafield tag="245" ind1="" ind2="0">
   <subfield code="a">Science in China Series F: Information Sciences</subfield>
  </datafield>
  <datafield tag="210" ind1="" ind2="">
   <subfield code="a">SCIENCE IN CHINA SERIES F</subfield>
  </datafield>
  <datafield tag="210" ind1="" ind2="">
   <subfield code="a">SCIENCE IN CHINA(INFORMATION SCIENCES)</subfield>
  </datafield>
  <datafield tag="210" ind1="" ind2="">
   <subfield code="a">ZHONG GUO KE XUE F JI （ YING WEN BAN ）</subfield>
  </datafield>
  <datafield tag="210" ind1="" ind2="">
   <subfield code="a">SCI. CHINA SER. F</subfield>
  </datafield>
  <datafield tag="210" ind1="" ind2="">
   <subfield code="a">ZHONGGUO KEXUE F JI:XINXI KEXUE (YINGWENBAN)</subfield>
  </datafield>
  <datafield tag="210" ind1="" ind2="">
   <subfield code="a">中国科学F辑:信息科学 (英文版)</subfield>
  </datafield>
  <datafield tag="210" ind1="" ind2="">
   <subfield code="a">SCIENCE IN CHINA, SERIES F</subfield>
  </datafield>
  <datafield tag="210" ind1="" ind2="">
   <subfield code="a">SCI CHINA SER F</subfield>
  </datafield>
  <datafield tag="260" ind1="" ind2="">
   <subfield code="a">Beijing, China</subfield>
   <subfield code="b">Chinese Academy of Sciences</subfield>
  </datafield>
  <datafield tag="022" ind1="" ind2="">
   <subfield code="a">1009-2757</subfield>
  </datafield>
  <datafield tag="776" ind1="" ind2="">
   <subfield code="x">1862-2836</subfield>
  </datafield>
  <datafield tag="090" ind1="" ind2="">
   <subfield code="a">991042728050510</subfield>
  </datafield>
  <datafield tag="866" ind1="" ind2="">
   <subfield code="a">Available from 2001 volume: 44 issue: 1 until 2009 volume: 52 issue: 12. </subfield>
   <subfield code="s">1000000000002533</subfield>
   <subfield code="t">1000000000001874</subfield>
   <subfield code="x">Canadian Research Knowledge Network Springer Link Current:Full Text</subfield>
   <subfield code="z">1000000001825926</subfield>
  </datafield>
 </record>