
 <record>
  <leader>-----nas-a2200000z--4500</leader>
  <controlfield tag="008">131125uuuuuuuuuxx-uu-|------u|----|eng-d</controlfield>
  <datafield tag="010" ind1="" ind2="">
   <subfield code="a">  2002224063</subfield>
  </datafield>
  <datafield tag="245" ind1="" ind2="0">
   <subfield code="a">International journal of automotive technology</subfield>
  </datafield>
  <datafield tag="210" ind1="" ind2="">
   <subfield code="a">INT J AUTO TECH-KOR</subfield>
  </datafield>
  <datafield tag="210" ind1="" ind2="">
   <subfield code="a">KOR</subfield>
  </datafield>
  <datafield tag="260" ind1="" ind2="">
   <subfield code="a">Seoul</subfield>
   <subfield code="b">한국자동차공학회</subfield>
  </datafield>
  <datafield tag="022" ind1="" ind2="">
   <subfield code="a">1229-9138</subfield>
  </datafield>
  <datafield tag="776" ind1="" ind2="">
   <subfield code="x">1976-3832</subfield>
  </datafield>
  <datafield tag="090" ind1="" ind2="">
   <subfield code="a">991042728062234</subfield>
  </datafield>
  <datafield tag="866" ind1="" ind2="">
   <subfield code="a">Available from 2008 volume: 9 issue: 1. </subfield>
   <subfield code="s">1000000000002533</subfield>
   <subfield code="t">1000000000001874</subfield>
   <subfield code="x">Canadian Research Knowledge Network Springer Link Current:Full Text</subfield>
   <subfield code="z">3360000000813222</subfield>
  </datafield>
 </record>