
 <record>
  <leader>-----nas-a2200000z--4500</leader>
  <controlfield tag="008">131125uuuuuuuuuxx-uu-|------u|----|eng-d</controlfield>
  <datafield tag="010" ind1="" ind2="">
   <subfield code="a">  2002211582</subfield>
  </datafield>
  <datafield tag="245" ind1="" ind2="0">
   <subfield code="a">Current hepatitis reports</subfield>
  </datafield>
  <datafield tag="210" ind1="" ind2="">
   <subfield code="a">CURR HEPAT REP</subfield>
  </datafield>
  <datafield tag="260" ind1="" ind2="">
   <subfield code="a">Philadelphia, Pa.</subfield>
   <subfield code="b">Current Medicine Group LLC</subfield>
  </datafield>
  <datafield tag="022" ind1="" ind2="">
   <subfield code="a">1540-3416</subfield>
  </datafield>
  <datafield tag="776" ind1="" ind2="">
   <subfield code="x">1541-0706</subfield>
  </datafield>
  <datafield tag="090" ind1="" ind2="">
   <subfield code="a">991042728153602</subfield>
  </datafield>
  <datafield tag="866" ind1="" ind2="">
   <subfield code="a">Available from 2002 volume: 1 issue: 1. </subfield>
   <subfield code="s">1000000000002533</subfield>
   <subfield code="t">1000000000001874</subfield>
   <subfield code="x">Canadian Research Knowledge Network Springer Link Current:Full Text</subfield>
   <subfield code="z">1000000001826015</subfield>
  </datafield>
 </record>