
 <record>
  <leader>-----nas-a2200000z--4500</leader>
  <controlfield tag="008">131125uuuuuuuuuxx-uu-|------u|----|eng-d</controlfield>
  <datafield tag="245" ind1="" ind2="0">
   <subfield code="a">Afrika mathematica</subfield>
  </datafield>
  <datafield tag="260" ind1="" ind2="">
   <subfield code="a">Yaoundé, Cameroun</subfield>
   <subfield code="b">African Mathematical Union</subfield>
  </datafield>
  <datafield tag="022" ind1="" ind2="">
   <subfield code="a">1012-9405</subfield>
  </datafield>
  <datafield tag="776" ind1="" ind2="">
   <subfield code="x">2190-7668</subfield>
  </datafield>
  <datafield tag="090" ind1="" ind2="">
   <subfield code="a">991042728944476</subfield>
  </datafield>
  <datafield tag="866" ind1="" ind2="">
   <subfield code="a">Available from 2011 volume: 22 issue: 1. </subfield>
   <subfield code="s">1000000000002533</subfield>
   <subfield code="t">1000000000001874</subfield>
   <subfield code="x">Canadian Research Knowledge Network Springer Link Current:Full Text</subfield>
   <subfield code="z">3400000000000711</subfield>
  </datafield>
 </record>