
 <record>
  <leader>-----nas-a2200000z--4500</leader>
  <controlfield tag="008">131125uuuuuuuuuxx-uu-|------u|----|spa-d</controlfield>
  <datafield tag="245" ind1="" ind2="0">
   <subfield code="a">Revista matemática complutense</subfield>
  </datafield>
  <datafield tag="210" ind1="" ind2="">
   <subfield code="a">REV. MAT. COMPLUT</subfield>
  </datafield>
  <datafield tag="210" ind1="" ind2="">
   <subfield code="a">REV MAT COMPLUT</subfield>
  </datafield>
  <datafield tag="260" ind1="" ind2="">
   <subfield code="a">Madrid</subfield>
   <subfield code="b">Servicio de Publicaciones, Universidad Complutense</subfield>
  </datafield>
  <datafield tag="022" ind1="" ind2="">
   <subfield code="a">1139-1138</subfield>
  </datafield>
  <datafield tag="776" ind1="" ind2="">
   <subfield code="x">1988-2807</subfield>
  </datafield>
  <datafield tag="090" ind1="" ind2="">
   <subfield code="a">991042732731612</subfield>
  </datafield>
  <datafield tag="866" ind1="" ind2="">
   <subfield code="a">Available from 2010 volume: 23 issue: 1. </subfield>
   <subfield code="s">1000000000002533</subfield>
   <subfield code="t">1000000000001874</subfield>
   <subfield code="x">Canadian Research Knowledge Network Springer Link Current:Full Text</subfield>
   <subfield code="z">2590000000002495</subfield>
  </datafield>
 </record>