
 <record>
  <leader>-----nas-a2200000z--4500</leader>
  <controlfield tag="008">131125uuuuuuuuuxx-uu-|------u|----|eng-d</controlfield>
  <datafield tag="010" ind1="" ind2="">
   <subfield code="a">  2009242422</subfield>
  </datafield>
  <datafield tag="245" ind1="" ind2="4">
   <subfield code="a">The journal of human justice</subfield>
  </datafield>
  <datafield tag="210" ind1="" ind2="">
   <subfield code="a">JOURNAL OF HUMAN JUSTICE</subfield>
  </datafield>
  <datafield tag="260" ind1="" ind2="">
   <subfield code="a">Vancouver</subfield>
   <subfield code="b">Human Justice Collective</subfield>
  </datafield>
  <datafield tag="022" ind1="" ind2="">
   <subfield code="a">0847-2971</subfield>
  </datafield>
  <datafield tag="090" ind1="" ind2="">
   <subfield code="a">991042737750776</subfield>
  </datafield>
  <datafield tag="866" ind1="" ind2="">
   <subfield code="a">Available from 1989 volume: 1 issue: 1 until 1995 volume: 6 issue: 2. </subfield>
   <subfield code="b">$obj-&gt;parsedDate('&gt;=','1989','1','1') &amp;&amp; $obj-&gt;parsedDate('&lt;=','1995','6','2')</subfield>
   <subfield code="c">G</subfield>
   <subfield code="s">1000000000002986</subfield>
   <subfield code="t">1000000000002296</subfield>
   <subfield code="x">Canadian Research Knowledge Network Springer Link Archive:Full Text</subfield>
   <subfield code="z">10920000000043753</subfield>
  </datafield>
 </record>