
 <record>
  <leader>-----nas-a2200000z--4500</leader>
  <controlfield tag="008">131125uuuuuuuuuxx-uu-|------u|----|eng-d</controlfield>
  <datafield tag="010" ind1="" ind2="">
   <subfield code="a">  2002207179</subfield>
  </datafield>
  <datafield tag="245" ind1="" ind2="0">
   <subfield code="a">Metals and Materials International</subfield>
  </datafield>
  <datafield tag="210" ind1="" ind2="">
   <subfield code="a">MET AND MATER INT</subfield>
  </datafield>
  <datafield tag="210" ind1="" ind2="">
   <subfield code="a">METALS AND MATERIALS INTERNATIONA</subfield>
  </datafield>
  <datafield tag="210" ind1="" ind2="">
   <subfield code="a">MET. MATER. INT</subfield>
  </datafield>
  <datafield tag="210" ind1="" ind2="">
   <subfield code="a">MET MATER INT</subfield>
  </datafield>
  <datafield tag="260" ind1="" ind2="">
   <subfield code="a">Seoul, Korea</subfield>
   <subfield code="b">Korean Institute of Metals and Materials</subfield>
  </datafield>
  <datafield tag="022" ind1="" ind2="">
   <subfield code="a">1598-9623</subfield>
  </datafield>
  <datafield tag="776" ind1="" ind2="">
   <subfield code="x">2005-4149</subfield>
  </datafield>
  <datafield tag="090" ind1="" ind2="">
   <subfield code="a">1000000000018660</subfield>
  </datafield>
  <datafield tag="866" ind1="" ind2="">
   <subfield code="a">Available from 2001 volume: 7 issue: 1. </subfield>
   <subfield code="s">1000000000002533</subfield>
   <subfield code="t">1000000000001874</subfield>
   <subfield code="x">Canadian Research Knowledge Network Springer Link Current:Full Text</subfield>
   <subfield code="z">2590000000002413</subfield>
  </datafield>
 </record>