
 <record>
  <leader>-----nas-a2200000z--4500</leader>
  <controlfield tag="008">131125uuuuuuuuuxx-uu-|------u|----|eng-d</controlfield>
  <datafield tag="010" ind1="" ind2="">
   <subfield code="a">  2009211033</subfield>
  </datafield>
  <datafield tag="245" ind1="" ind2="">
   <subfield code="a">Journal of Coal Science &amp; Engineering(China)</subfield>
  </datafield>
  <datafield tag="210" ind1="" ind2="">
   <subfield code="a">煤炭学报 (英文版)</subfield>
  </datafield>
  <datafield tag="210" ind1="" ind2="">
   <subfield code="a">MEITAN XUEBAO (YINGWENBAN)</subfield>
  </datafield>
  <datafield tag="210" ind1="" ind2="">
   <subfield code="a">JOURNAL OF COAL SCIENCE AND ENGINEERING(CHINA)</subfield>
  </datafield>
  <datafield tag="210" ind1="" ind2="">
   <subfield code="a">JOURNAL OF COAL SCIENCE AND ENGINEERING </subfield>
  </datafield>
  <datafield tag="260" ind1="" ind2="">
   <subfield code="a">Beijing</subfield>
   <subfield code="b">China Coal Society</subfield>
  </datafield>
  <datafield tag="022" ind1="" ind2="">
   <subfield code="a">1006-9097</subfield>
  </datafield>
  <datafield tag="776" ind1="" ind2="">
   <subfield code="x">1866-6566</subfield>
  </datafield>
  <datafield tag="090" ind1="" ind2="">
   <subfield code="a">1000000000019732</subfield>
  </datafield>
  <datafield tag="866" ind1="" ind2="">
   <subfield code="a">Available from 2008 volume: 14 issue: 1. </subfield>
   <subfield code="s">1000000000002533</subfield>
   <subfield code="t">1000000000001874</subfield>
   <subfield code="x">Canadian Research Knowledge Network Springer Link Current:Full Text</subfield>
   <subfield code="z">2480000000001512</subfield>
  </datafield>
 </record>