
 <record>
  <leader>-----nas-a2200000z--4500</leader>
  <controlfield tag="008">131125uuuuuuuuuxx-uu-|------u|----|eng-d</controlfield>
  <datafield tag="010" ind1="" ind2="">
   <subfield code="a">  2006249149</subfield>
  </datafield>
  <datafield tag="245" ind1="" ind2="">
   <subfield code="a">Tree genetics &amp; genomes</subfield>
  </datafield>
  <datafield tag="210" ind1="" ind2="">
   <subfield code="a">TREE GENETICS AND GENOMES</subfield>
  </datafield>
  <datafield tag="210" ind1="" ind2="">
   <subfield code="a">TREE GENET. GENOMES</subfield>
  </datafield>
  <datafield tag="210" ind1="" ind2="">
   <subfield code="a">TREE GEN GENOMES</subfield>
  </datafield>
  <datafield tag="210" ind1="" ind2="">
   <subfield code="a">TREE GENET GENOMES</subfield>
  </datafield>
  <datafield tag="260" ind1="" ind2="">
   <subfield code="a">Heidelberg</subfield>
   <subfield code="b">Springer Berlin Heidelberg</subfield>
  </datafield>
  <datafield tag="022" ind1="" ind2="">
   <subfield code="a">1614-2942</subfield>
  </datafield>
  <datafield tag="776" ind1="" ind2="">
   <subfield code="x">1614-2950</subfield>
  </datafield>
  <datafield tag="090" ind1="" ind2="">
   <subfield code="a">1000000000021333</subfield>
  </datafield>
  <datafield tag="866" ind1="" ind2="">
   <subfield code="a">Available from 2005 volume: 1 issue: 1. </subfield>
   <subfield code="s">1000000000002533</subfield>
   <subfield code="t">1000000000001874</subfield>
   <subfield code="x">Canadian Research Knowledge Network Springer Link Current:Full Text</subfield>
   <subfield code="z">1000000000950067</subfield>
  </datafield>
 </record>