
 <record>
  <leader>-----nas-a2200000z--4500</leader>
  <controlfield tag="008">131125uuuuuuuuuxx-uu-|------u|----|eng-d</controlfield>
  <datafield tag="010" ind1="" ind2="">
   <subfield code="a">  2009215020</subfield>
  </datafield>
  <datafield tag="245" ind1="" ind2="">
   <subfield code="a">WMU journal of maritime affairs</subfield>
  </datafield>
  <datafield tag="260" ind1="" ind2="">
   <subfield code="a">Malmö</subfield>
   <subfield code="b">World Maritime University</subfield>
  </datafield>
  <datafield tag="022" ind1="" ind2="">
   <subfield code="a">1651-436X</subfield>
  </datafield>
  <datafield tag="776" ind1="" ind2="">
   <subfield code="x">1654-1642</subfield>
  </datafield>
  <datafield tag="090" ind1="" ind2="">
   <subfield code="a">1000000000043900</subfield>
  </datafield>
  <datafield tag="866" ind1="" ind2="">
   <subfield code="a">Available from 2002 volume: 1 issue: 1. </subfield>
   <subfield code="s">1000000000002533</subfield>
   <subfield code="t">1000000000001874</subfield>
   <subfield code="x">Canadian Research Knowledge Network Springer Link Current:Full Text</subfield>
   <subfield code="z">3360000000369329</subfield>
  </datafield>
 </record>