
 <record>
  <leader>-----nas-a2200000z--4500</leader>
  <controlfield tag="008">131125uuuuuuuuuxx-uu-|------u|----|kor-d</controlfield>
  <datafield tag="245" ind1="" ind2="">
   <subfield code="a">한국응용생명화학회지</subfield>
  </datafield>
  <datafield tag="210" ind1="" ind2="">
   <subfield code="a">한국농화학회지</subfield>
  </datafield>
  <datafield tag="246" ind1="" ind2="">
   <subfield code="a">JOURNAL OF THE KOREAN SOCIETY FOR APPLIED BIOLOGICAL CHEMISTRY</subfield>
  </datafield>
  <datafield tag="246" ind1="" ind2="">
   <subfield code="a">J KOREAN SOC APPL BI</subfield>
  </datafield>
  <datafield tag="260" ind1="" ind2="">
   <subfield code="b">한국응용생명화학회(구 한국농화학회)</subfield>
  </datafield>
  <datafield tag="022" ind1="" ind2="">
   <subfield code="a">1738-2203</subfield>
  </datafield>
  <datafield tag="776" ind1="" ind2="">
   <subfield code="x">2234-344X</subfield>
  </datafield>
  <datafield tag="090" ind1="" ind2="">
   <subfield code="a">1000000000107436</subfield>
  </datafield>
  <datafield tag="945" ind1="" ind2="">
   <subfield code="m">한국응용생명화학회지</subfield>
   <subfield code="s">한 국 응 용 생 명 화 학 회 지</subfield>
  </datafield>
  <datafield tag="866" ind1="" ind2="">
   <subfield code="a">Available from 2009 volume: 52 issue: 1. </subfield>
   <subfield code="s">1000000000002533</subfield>
   <subfield code="t">1000000000001874</subfield>
   <subfield code="x">Canadian Research Knowledge Network Springer Link Current:Full Text</subfield>
   <subfield code="z">3390000000101028</subfield>
  </datafield>
 </record>