
 <record>
  <leader>-----nas-a2200000z--4500</leader>
  <controlfield tag="008">131125uuuuuuuuuxx-uu-|------u|----|eng-d</controlfield>
  <datafield tag="245" ind1="" ind2="0">
   <subfield code="a">KSCE Journal of civil engineering</subfield>
  </datafield>
  <datafield tag="210" ind1="" ind2="">
   <subfield code="a">KSCE J CIV ENG</subfield>
  </datafield>
  <datafield tag="260" ind1="" ind2="">
   <subfield code="a">Seoul</subfield>
   <subfield code="b">대한토목학회</subfield>
  </datafield>
  <datafield tag="022" ind1="" ind2="">
   <subfield code="a">1226-7988</subfield>
  </datafield>
  <datafield tag="776" ind1="" ind2="">
   <subfield code="x">1976-3808</subfield>
  </datafield>
  <datafield tag="090" ind1="" ind2="">
   <subfield code="a">1000000000107820</subfield>
  </datafield>
  <datafield tag="866" ind1="" ind2="">
   <subfield code="a">Available from 1997 volume: 1 issue: 1. </subfield>
   <subfield code="s">1000000000002533</subfield>
   <subfield code="t">1000000000001874</subfield>
   <subfield code="x">Canadian Research Knowledge Network Springer Link Current:Full Text</subfield>
   <subfield code="z">3360000000813217</subfield>
  </datafield>
 </record>