
 <record>
  <leader>-----nas-a2200000z--4500</leader>
  <controlfield tag="008">131125uuuuuuuuuxx-uu-|------u|----|fre-d</controlfield>
  <datafield tag="010" ind1="" ind2="">
   <subfield code="a">  2005220095</subfield>
  </datafield>
  <datafield tag="245" ind1="" ind2="">
   <subfield code="a">Agronomy for sustainable development</subfield>
  </datafield>
  <datafield tag="210" ind1="" ind2="">
   <subfield code="a">AGRON SUSTAIN DEV</subfield>
  </datafield>
  <datafield tag="260" ind1="" ind2="">
   <subfield code="a">Les Ulis</subfield>
   <subfield code="b">EDP sciences</subfield>
  </datafield>
  <datafield tag="022" ind1="" ind2="">
   <subfield code="a">1774-0746</subfield>
  </datafield>
  <datafield tag="776" ind1="" ind2="">
   <subfield code="x">1773-0155</subfield>
  </datafield>
  <datafield tag="090" ind1="" ind2="">
   <subfield code="a">1000000000210460</subfield>
  </datafield>
  <datafield tag="866" ind1="" ind2="">
   <subfield code="a">Available from 2007 volume: 27 issue: 1. </subfield>
   <subfield code="s">1000000000002533</subfield>
   <subfield code="t">1000000000001874</subfield>
   <subfield code="x">Canadian Research Knowledge Network Springer Link Current:Full Text</subfield>
   <subfield code="z">3390000000101030</subfield>
  </datafield>
 </record>