
 <record>
  <leader>-----nas-a2200000z--4500</leader>
  <controlfield tag="008">131125uuuuuuuuuxx-uu-|------u|----|ger-d</controlfield>
  <datafield tag="010" ind1="" ind2="">
   <subfield code="a">  2005216113</subfield>
  </datafield>
  <datafield tag="245" ind1="" ind2="">
   <subfield code="a">Hand</subfield>
  </datafield>
  <datafield tag="210" ind1="" ind2="">
   <subfield code="a">HAND (N Y)</subfield>
  </datafield>
  <datafield tag="260" ind1="" ind2="">
   <subfield code="a">New York, NY</subfield>
   <subfield code="b">Springer New York</subfield>
  </datafield>
  <datafield tag="022" ind1="" ind2="">
   <subfield code="a">1558-9447</subfield>
  </datafield>
  <datafield tag="776" ind1="" ind2="">
   <subfield code="x">1558-9455</subfield>
  </datafield>
  <datafield tag="090" ind1="" ind2="">
   <subfield code="a">1000000000210538</subfield>
  </datafield>
  <datafield tag="866" ind1="" ind2="">
   <subfield code="a">Available from 2006 volume: 1 issue: 1. </subfield>
   <subfield code="s">1000000000002533</subfield>
   <subfield code="t">1000000000001874</subfield>
   <subfield code="x">Canadian Research Knowledge Network Springer Link Current:Full Text</subfield>
   <subfield code="z">1000000000949278</subfield>
  </datafield>
 </record>