
 <record>
  <leader>-----nas-a2200000z--4500</leader>
  <controlfield tag="008">131125uuuuuuuuuxx-uu-|------u|----|eng-d</controlfield>
  <datafield tag="010" ind1="" ind2="">
   <subfield code="a">  2006249216</subfield>
  </datafield>
  <datafield tag="245" ind1="" ind2="">
   <subfield code="a">Frontiers of Physics in China</subfield>
  </datafield>
  <datafield tag="210" ind1="" ind2="">
   <subfield code="a">FRONT PHYS CHINA</subfield>
  </datafield>
  <datafield tag="260" ind1="" ind2="">
   <subfield code="a">Beijing</subfield>
   <subfield code="b">Higher Education Press, co-published with Springer-Verlag GmbH</subfield>
  </datafield>
  <datafield tag="022" ind1="" ind2="">
   <subfield code="a">1673-3487</subfield>
  </datafield>
  <datafield tag="776" ind1="" ind2="">
   <subfield code="x">1673-3606</subfield>
  </datafield>
  <datafield tag="090" ind1="" ind2="">
   <subfield code="a">1000000000210566</subfield>
  </datafield>
  <datafield tag="866" ind1="" ind2="">
   <subfield code="a">Available from 2006 volume: 1 issue: 1 until 2010 volume: 5 issue: 4. </subfield>
   <subfield code="s">1000000000002533</subfield>
   <subfield code="t">1000000000001874</subfield>
   <subfield code="x">Canadian Research Knowledge Network Springer Link Current:Full Text</subfield>
   <subfield code="z">1000000001826057</subfield>
  </datafield>
 </record>