
 <record>
  <leader>-----nas-a2200000z--4500</leader>
  <controlfield tag="008">131125uuuuuuuuuxx-uu-|------u|----|eng-d</controlfield>
  <datafield tag="245" ind1="" ind2="0">
   <subfield code="a">Archiv für Dermatologie und Syphilis</subfield>
  </datafield>
  <datafield tag="210" ind1="" ind2="">
   <subfield code="a">ARCH DERMATOL SYPH</subfield>
  </datafield>
  <datafield tag="260" ind1="" ind2="">
   <subfield code="a">[S.l.]</subfield>
  </datafield>
  <datafield tag="022" ind1="" ind2="">
   <subfield code="a">0365-6020</subfield>
  </datafield>
  <datafield tag="090" ind1="" ind2="">
   <subfield code="a">1000000000210738</subfield>
  </datafield>
  <datafield tag="866" ind1="" ind2="">
   <subfield code="a">Available from 1869 volume: 1 issue: 1 until 1955. </subfield>
   <subfield code="b">$obj-&gt;parsedDate('&gt;=','1869','1','1') &amp;&amp; $obj-&gt;parsedDate('&lt;=','1955','undef','undef')</subfield>
   <subfield code="c">G</subfield>
   <subfield code="s">1000000000002986</subfield>
   <subfield code="t">1000000000002296</subfield>
   <subfield code="x">Canadian Research Knowledge Network Springer Link Archive:Full Text</subfield>
   <subfield code="z">10920000000044601</subfield>
  </datafield>
 </record>