
 <record>
  <leader>-----nas-a2200000z--4500</leader>
  <controlfield tag="008">131125uuuuuuuuuxx-uu-|------u|----|eng-d</controlfield>
  <datafield tag="010" ind1="" ind2="">
   <subfield code="a">  2005215676</subfield>
  </datafield>
  <datafield tag="245" ind1="" ind2="0">
   <subfield code="a">Sensing and imaging</subfield>
  </datafield>
  <datafield tag="210" ind1="" ind2="">
   <subfield code="a">SENSING &amp; IMAGING</subfield>
  </datafield>
  <datafield tag="210" ind1="" ind2="">
   <subfield code="a">SENSING AND IMAGING</subfield>
  </datafield>
  <datafield tag="260" ind1="" ind2="">
   <subfield code="a">New York, NY</subfield>
   <subfield code="b">Springer US</subfield>
  </datafield>
  <datafield tag="022" ind1="" ind2="">
   <subfield code="a">1557-2064</subfield>
  </datafield>
  <datafield tag="776" ind1="" ind2="">
   <subfield code="x">1557-2072</subfield>
  </datafield>
  <datafield tag="090" ind1="" ind2="">
   <subfield code="a">1000000000220409</subfield>
  </datafield>
  <datafield tag="866" ind1="" ind2="">
   <subfield code="a">Available from 2006 volume: 7 issue: 1. </subfield>
   <subfield code="b">$obj-&gt;parsedDate("&gt;=",2006,7,1)</subfield>
   <subfield code="c">L</subfield>
   <subfield code="s">1000000000002533</subfield>
   <subfield code="t">1000000000001874</subfield>
   <subfield code="x">Canadian Research Knowledge Network Springer Link Current:Full Text</subfield>
   <subfield code="z">1000000000949949</subfield>
  </datafield>
 </record>