
 <record>
  <leader>-----nas-a2200000z--4500</leader>
  <controlfield tag="008">131125uuuuuuuuuxx-uu-|------u|----|eng-d</controlfield>
  <datafield tag="010" ind1="" ind2="">
   <subfield code="a">  2009238051</subfield>
  </datafield>
  <datafield tag="245" ind1="" ind2="">
   <subfield code="a">Acta Geophysica</subfield>
  </datafield>
  <datafield tag="210" ind1="" ind2="">
   <subfield code="a">ACTA GEOPHYS</subfield>
  </datafield>
  <datafield tag="260" ind1="" ind2="">
   <subfield code="a">Warsaw</subfield>
   <subfield code="b">Versita</subfield>
  </datafield>
  <datafield tag="022" ind1="" ind2="">
   <subfield code="a">1895-6572</subfield>
  </datafield>
  <datafield tag="776" ind1="" ind2="">
   <subfield code="x">1895-7455</subfield>
  </datafield>
  <datafield tag="090" ind1="" ind2="">
   <subfield code="a">1000000000221393</subfield>
  </datafield>
  <datafield tag="866" ind1="" ind2="">
   <subfield code="a">Available from 2006 volume: 54 issue: 1. </subfield>
   <subfield code="s">1000000000002533</subfield>
   <subfield code="t">1000000000001874</subfield>
   <subfield code="x">Canadian Research Knowledge Network Springer Link Current:Full Text</subfield>
   <subfield code="z">1000000000948833</subfield>
  </datafield>
 </record>