
 <record>
  <leader>-----nas-a2200000z--4500</leader>
  <controlfield tag="008">131125uuuuuuuuuxx-uu-|------u|----|ger-d</controlfield>
  <datafield tag="010" ind1="" ind2="">
   <subfield code="a">  2007204753</subfield>
  </datafield>
  <datafield tag="245" ind1="" ind2="0">
   <subfield code="a">Journal für Verbraucherschutz und Lebensmittelsicherheit</subfield>
  </datafield>
  <datafield tag="210" ind1="" ind2="">
   <subfield code="a">J. VERBRAUCHERSCHUTZ LEBENSMITTELSICHERH</subfield>
  </datafield>
  <datafield tag="210" ind1="" ind2="">
   <subfield code="a">J VERBRAUCH LEBENSM</subfield>
  </datafield>
  <datafield tag="260" ind1="" ind2="">
   <subfield code="a">Basel [etc.]</subfield>
   <subfield code="b">Springer Basel</subfield>
  </datafield>
  <datafield tag="022" ind1="" ind2="">
   <subfield code="a">1661-5751</subfield>
  </datafield>
  <datafield tag="776" ind1="" ind2="">
   <subfield code="x">1661-5867</subfield>
  </datafield>
  <datafield tag="090" ind1="" ind2="">
   <subfield code="a">1000000000221506</subfield>
  </datafield>
  <datafield tag="866" ind1="" ind2="">
   <subfield code="a">Available from 2006 volume: 1 issue: 1. </subfield>
   <subfield code="s">1000000000002533</subfield>
   <subfield code="t">1000000000001874</subfield>
   <subfield code="x">Canadian Research Knowledge Network Springer Link Current:Full Text</subfield>
   <subfield code="z">1000000000949414</subfield>
  </datafield>
 </record>