
 <record>
  <leader>-----nas-a2200000z--4500</leader>
  <controlfield tag="008">131125uuuuuuuuuxx-uu-|------u|----|eng-d</controlfield>
  <datafield tag="245" ind1="" ind2="">
   <subfield code="a">Polymer science. Series C</subfield>
  </datafield>
  <datafield tag="210" ind1="" ind2="">
   <subfield code="a">POLYMER SCIENCE SERIES C</subfield>
  </datafield>
  <datafield tag="210" ind1="" ind2="">
   <subfield code="a">POLYM SCI SER C+</subfield>
  </datafield>
  <datafield tag="260" ind1="" ind2="">
   <subfield code="a">[S.l.]</subfield>
   <subfield code="b">MAIK Nauka/Interperiodica</subfield>
  </datafield>
  <datafield tag="022" ind1="" ind2="">
   <subfield code="a">1811-2382</subfield>
  </datafield>
  <datafield tag="776" ind1="" ind2="">
   <subfield code="x">1555-614X</subfield>
  </datafield>
  <datafield tag="090" ind1="" ind2="">
   <subfield code="a">1000000000221612</subfield>
  </datafield>
  <datafield tag="866" ind1="" ind2="">
   <subfield code="a">Available from 2006 volume: 48 issue: 1. </subfield>
   <subfield code="s">1000000000002533</subfield>
   <subfield code="t">1000000000001874</subfield>
   <subfield code="x">Canadian Research Knowledge Network Springer Link Current:Full Text</subfield>
   <subfield code="z">1000000001826078</subfield>
  </datafield>
 </record>