
 <record>
  <leader>-----nas-a2200000z--4500</leader>
  <controlfield tag="008">131125uuuuuuuuuxx-uu-|------u|----|eng-d</controlfield>
  <datafield tag="010" ind1="" ind2="">
   <subfield code="a">  2008220750</subfield>
  </datafield>
  <datafield tag="245" ind1="" ind2="">
   <subfield code="a">International Journal of Environmental Science and Technology</subfield>
  </datafield>
  <datafield tag="210" ind1="" ind2="">
   <subfield code="a">INT. J. ENVIRON. SCI. TECHNOL</subfield>
  </datafield>
  <datafield tag="210" ind1="" ind2="">
   <subfield code="a">INTERNATIONAL JOURNAL OF ENVIRONMENTAL SCIENCE &amp; TECHNOLOGY </subfield>
  </datafield>
  <datafield tag="210" ind1="" ind2="">
   <subfield code="a">INT J ENVIRON SCI TE</subfield>
  </datafield>
  <datafield tag="260" ind1="" ind2="">
   <subfield code="a">Tehran, Iran</subfield>
   <subfield code="b">Iranian Society of Environmentalists (IRSEN) :</subfield>
  </datafield>
  <datafield tag="022" ind1="" ind2="">
   <subfield code="a">1735-1472</subfield>
  </datafield>
  <datafield tag="776" ind1="" ind2="">
   <subfield code="x">1735-2630</subfield>
  </datafield>
  <datafield tag="090" ind1="" ind2="">
   <subfield code="a">1000000000222798</subfield>
  </datafield>
  <datafield tag="866" ind1="" ind2="">
   <subfield code="a">Available from 2012 volume: 9 issue: 1. </subfield>
   <subfield code="s">1000000000002533</subfield>
   <subfield code="t">1000000000001874</subfield>
   <subfield code="x">Canadian Research Knowledge Network Springer Link Current:Full Text</subfield>
   <subfield code="z">3390000000101027</subfield>
  </datafield>
 </record>