
 <record>
  <leader>-----nas-a2200000z--4500</leader>
  <controlfield tag="008">131125uuuuuuuuuxx-uu-|------u|----|eng-d</controlfield>
  <datafield tag="010" ind1="" ind2="">
   <subfield code="a">  2005212249</subfield>
  </datafield>
  <datafield tag="245" ind1="" ind2="">
   <subfield code="a">Biological Theory</subfield>
  </datafield>
  <datafield tag="210" ind1="" ind2="">
   <subfield code="a">BIOL THEORY</subfield>
  </datafield>
  <datafield tag="260" ind1="" ind2="">
   <subfield code="a">Cambridge, Mass.</subfield>
   <subfield code="b">Massachusetts Institute of Technology</subfield>
  </datafield>
  <datafield tag="022" ind1="" ind2="">
   <subfield code="a">1555-5542</subfield>
  </datafield>
  <datafield tag="776" ind1="" ind2="">
   <subfield code="x">1555-5550</subfield>
  </datafield>
  <datafield tag="090" ind1="" ind2="">
   <subfield code="a">1000000000222902</subfield>
  </datafield>
  <datafield tag="866" ind1="" ind2="">
   <subfield code="a">Available from 2011 volume: 6 issue: 1. </subfield>
   <subfield code="s">1000000000002533</subfield>
   <subfield code="t">1000000000001874</subfield>
   <subfield code="x">Canadian Research Knowledge Network Springer Link Current:Full Text</subfield>
   <subfield code="z">3390000000101021</subfield>
  </datafield>
 </record>