
 <record>
  <leader>-----nas-a2200000z--4500</leader>
  <controlfield tag="008">131125uuuuuuuuuxx-uu-|------u|----|eng-d</controlfield>
  <datafield tag="010" ind1="" ind2="">
   <subfield code="a">  2005205289</subfield>
  </datafield>
  <datafield tag="245" ind1="" ind2="0">
   <subfield code="a">European view</subfield>
  </datafield>
  <datafield tag="260" ind1="" ind2="">
   <subfield code="a">Brussels</subfield>
   <subfield code="b">Forum of the European studies</subfield>
  </datafield>
  <datafield tag="022" ind1="" ind2="">
   <subfield code="a">1781-6858</subfield>
  </datafield>
  <datafield tag="776" ind1="" ind2="">
   <subfield code="x">1865-5831</subfield>
  </datafield>
  <datafield tag="090" ind1="" ind2="">
   <subfield code="a">1000000000223899</subfield>
  </datafield>
  <datafield tag="866" ind1="" ind2="">
   <subfield code="a">Available from 2007 volume: 6 issue: 1. </subfield>
   <subfield code="s">1000000000002533</subfield>
   <subfield code="t">1000000000001874</subfield>
   <subfield code="x">Canadian Research Knowledge Network Springer Link Current:Full Text</subfield>
   <subfield code="z">1000000001826075</subfield>
  </datafield>
 </record>