
 <record>
  <leader>-----nas-a2200000z--4500</leader>
  <controlfield tag="008">131125uuuuuuuuuxx-uu-|------u|----|kor-d</controlfield>
  <datafield tag="245" ind1="" ind2="0">
   <subfield code="a">유변학</subfield>
  </datafield>
  <datafield tag="246" ind1="" ind2="">
   <subfield code="a">THE KOREAN JOURNAL OF RHEOLOGY</subfield>
  </datafield>
  <datafield tag="246" ind1="" ind2="">
   <subfield code="a">KOREA-AUST RHEOL J</subfield>
  </datafield>
  <datafield tag="246" ind1="" ind2="">
   <subfield code="a">KOREA-AUSTRALIA RHEOLOGY JOURNAL</subfield>
  </datafield>
  <datafield tag="246" ind1="" ind2="">
   <subfield code="a">AUST RHEOL J</subfield>
  </datafield>
  <datafield tag="260" ind1="" ind2="">
   <subfield code="a">Seoul</subfield>
   <subfield code="b">Han-gug yubyeon haghoe</subfield>
  </datafield>
  <datafield tag="022" ind1="" ind2="">
   <subfield code="a">1226-119X</subfield>
  </datafield>
  <datafield tag="776" ind1="" ind2="">
   <subfield code="x">2093-7660</subfield>
  </datafield>
  <datafield tag="090" ind1="" ind2="">
   <subfield code="a">1000000000223969</subfield>
  </datafield>
  <datafield tag="945" ind1="" ind2="">
   <subfield code="m">유변학</subfield>
   <subfield code="s">유 변 학</subfield>
  </datafield>
  <datafield tag="866" ind1="" ind2="">
   <subfield code="a">Available from 2011 volume: 23 issue: 1. </subfield>
   <subfield code="s">1000000000002533</subfield>
   <subfield code="t">1000000000001874</subfield>
   <subfield code="x">Canadian Research Knowledge Network Springer Link Current:Full Text</subfield>
   <subfield code="z">3460000000011020</subfield>
  </datafield>
 </record>