
 <record>
  <leader>-----nas-a2200000z--4500</leader>
  <controlfield tag="008">131125uuuuuuuuuxx-uu-|------u|----|eng-d</controlfield>
  <datafield tag="010" ind1="" ind2="">
   <subfield code="a">  2008220495</subfield>
  </datafield>
  <datafield tag="245" ind1="" ind2="">
   <subfield code="a">Sustainability Science</subfield>
  </datafield>
  <datafield tag="210" ind1="" ind2="">
   <subfield code="a">SUSTAINABILITY SCI</subfield>
  </datafield>
  <datafield tag="210" ind1="" ind2="">
   <subfield code="a">SUSTAIN SCI</subfield>
  </datafield>
  <datafield tag="260" ind1="" ind2="">
   <subfield code="a">Japan</subfield>
   <subfield code="b">Springer</subfield>
  </datafield>
  <datafield tag="022" ind1="" ind2="">
   <subfield code="a">1862-4065</subfield>
  </datafield>
  <datafield tag="776" ind1="" ind2="">
   <subfield code="x">1862-4057</subfield>
  </datafield>
  <datafield tag="090" ind1="" ind2="">
   <subfield code="a">1000000000226912</subfield>
  </datafield>
  <datafield tag="866" ind1="" ind2="">
   <subfield code="a">Available from 2006 volume: 1 issue: 1. </subfield>
   <subfield code="b">$obj-&gt;parsedDate("&gt;=",2006,1,1)</subfield>
   <subfield code="c">L</subfield>
   <subfield code="s">1000000000002533</subfield>
   <subfield code="t">1000000000001874</subfield>
   <subfield code="x">Canadian Research Knowledge Network Springer Link Current:Full Text</subfield>
   <subfield code="z">1000000000950001</subfield>
  </datafield>
 </record>