
 <record>
  <leader>-----nas-a2200000z--4500</leader>
  <controlfield tag="008">131125uuuuuuuuuxx-uu-|------u|----|eng-d</controlfield>
  <datafield tag="010" ind1="" ind2="">
   <subfield code="a">  2005263021</subfield>
  </datafield>
  <datafield tag="245" ind1="" ind2="">
   <subfield code="a">Oceanological and Hydrobiological Studies</subfield>
  </datafield>
  <datafield tag="210" ind1="" ind2="">
   <subfield code="a">OCEANOL HYDROBIOL STUD</subfield>
  </datafield>
  <datafield tag="210" ind1="" ind2="">
   <subfield code="a">OCEANOLOGICAL &amp; HYDROBIOLOGICAL STUDIES</subfield>
  </datafield>
  <datafield tag="210" ind1="" ind2="">
   <subfield code="a">OCEANOL HYDROBIOL ST</subfield>
  </datafield>
  <datafield tag="260" ind1="" ind2="">
   <subfield code="a">Gdynia</subfield>
   <subfield code="b">Institute of Oceanography University of Gdańsk</subfield>
  </datafield>
  <datafield tag="022" ind1="" ind2="">
   <subfield code="a">1730-413X</subfield>
  </datafield>
  <datafield tag="776" ind1="" ind2="">
   <subfield code="x">1897-3191</subfield>
  </datafield>
  <datafield tag="090" ind1="" ind2="">
   <subfield code="a">1000000000238506</subfield>
  </datafield>
  <datafield tag="866" ind1="" ind2="">
   <subfield code="a">Available from 2011 volume: 40 issue: 1. </subfield>
   <subfield code="s">1000000000002533</subfield>
   <subfield code="t">1000000000001874</subfield>
   <subfield code="x">Canadian Research Knowledge Network Springer Link Current:Full Text</subfield>
   <subfield code="z">3360000000369331</subfield>
  </datafield>
 </record>