
 <record>
  <leader>-----nas-a2200000z--4500</leader>
  <controlfield tag="008">131125uuuuuuuuuxx-uu-|------u|----|eng-d</controlfield>
  <datafield tag="010" ind1="" ind2="">
   <subfield code="a">  2009243751</subfield>
  </datafield>
  <datafield tag="245" ind1="" ind2="">
   <subfield code="a">International Journal of Diabetes in Developing Countries</subfield>
  </datafield>
  <datafield tag="210" ind1="" ind2="">
   <subfield code="a">INT J DIABETES DEV CTRIES</subfield>
  </datafield>
  <datafield tag="210" ind1="" ind2="">
   <subfield code="a">INT J DIABETES DEV C</subfield>
  </datafield>
  <datafield tag="260" ind1="" ind2="">
   <subfield code="a">Mumbai</subfield>
   <subfield code="b">Medknow Publications</subfield>
  </datafield>
  <datafield tag="022" ind1="" ind2="">
   <subfield code="a">0973-3930</subfield>
  </datafield>
  <datafield tag="776" ind1="" ind2="">
   <subfield code="x">1998-3832</subfield>
  </datafield>
  <datafield tag="090" ind1="" ind2="">
   <subfield code="a">1000000000238750</subfield>
  </datafield>
  <datafield tag="866" ind1="" ind2="">
   <subfield code="a">Available from 2011 volume: 31 issue: 1. </subfield>
   <subfield code="s">1000000000002533</subfield>
   <subfield code="t">1000000000001874</subfield>
   <subfield code="x">Canadian Research Knowledge Network Springer Link Current:Full Text</subfield>
   <subfield code="z">3400000000000710</subfield>
  </datafield>
 </record>