
 <record>
  <leader>-----nas-a2200000z--4500</leader>
  <controlfield tag="008">131125uuuuuuuuuxx-uu-|------u|----|eng-d</controlfield>
  <datafield tag="010" ind1="" ind2="">
   <subfield code="a">  2008220480</subfield>
  </datafield>
  <datafield tag="245" ind1="" ind2="">
   <subfield code="a">Archives of Osteoporosis</subfield>
  </datafield>
  <datafield tag="210" ind1="" ind2="">
   <subfield code="a">ARCH OSTEOPOROS</subfield>
  </datafield>
  <datafield tag="260" ind1="" ind2="">
   <subfield code="a">London</subfield>
   <subfield code="b">Springer London</subfield>
  </datafield>
  <datafield tag="022" ind1="" ind2="">
   <subfield code="a">1862-3522</subfield>
  </datafield>
  <datafield tag="776" ind1="" ind2="">
   <subfield code="x">1862-3514</subfield>
  </datafield>
  <datafield tag="090" ind1="" ind2="">
   <subfield code="a">1000000000238931</subfield>
  </datafield>
  <datafield tag="866" ind1="" ind2="">
   <subfield code="a">Available from 2006 volume: 1 issue: 1. </subfield>
   <subfield code="s">1000000000002533</subfield>
   <subfield code="t">1000000000001874</subfield>
   <subfield code="x">Canadian Research Knowledge Network Springer Link Current:Full Text</subfield>
   <subfield code="z">3360000000813240</subfield>
  </datafield>
 </record>