
 <record>
  <leader>-----nas-a2200000z--4500</leader>
  <controlfield tag="008">131125uuuuuuuuuxx-uu-|------u|----|eng-d</controlfield>
  <datafield tag="010" ind1="" ind2="">
   <subfield code="a">  2013254506</subfield>
  </datafield>
  <datafield tag="245" ind1="" ind2="">
   <subfield code="a">Australasian Plant Disease Notes</subfield>
  </datafield>
  <datafield tag="210" ind1="" ind2="">
   <subfield code="a">AUSTRALAS. PLANT DIS. NOTES</subfield>
  </datafield>
  <datafield tag="260" ind1="" ind2="">
   <subfield code="a">Collingwood, Vic.</subfield>
   <subfield code="b">CSIRO Publishing</subfield>
  </datafield>
  <datafield tag="022" ind1="" ind2="">
   <subfield code="a">1833-928X</subfield>
  </datafield>
  <datafield tag="090" ind1="" ind2="">
   <subfield code="a">1000000000240286</subfield>
  </datafield>
  <datafield tag="866" ind1="" ind2="">
   <subfield code="a">Available from 2006 volume: 1 issue: 1. </subfield>
   <subfield code="s">1000000000002533</subfield>
   <subfield code="t">1000000000001874</subfield>
   <subfield code="x">Canadian Research Knowledge Network Springer Link Current:Full Text</subfield>
   <subfield code="z">3360000000369295</subfield>
  </datafield>
 </record>