
 <record>
  <leader>-----nas-a2200000z--4500</leader>
  <controlfield tag="008">131125uuuuuuuuuxx-uu-|------u|----|eng-d</controlfield>
  <datafield tag="010" ind1="" ind2="">
   <subfield code="a">  2008203037</subfield>
  </datafield>
  <datafield tag="245" ind1="" ind2="0">
   <subfield code="a">Earthquake Engineering and Engineering Vibration</subfield>
  </datafield>
  <datafield tag="210" ind1="" ind2="">
   <subfield code="a">DI ZHENG GONG CHENG HE GONG CHENG ZHENG DONG</subfield>
  </datafield>
  <datafield tag="210" ind1="" ind2="">
   <subfield code="a">DI ZHEN GONG CHENG YU GONG CHENG ZHEN DONG （ YING WEN BAN ）</subfield>
  </datafield>
  <datafield tag="210" ind1="" ind2="">
   <subfield code="a">地震工程与工程振动（英文版）</subfield>
  </datafield>
  <datafield tag="210" ind1="" ind2="">
   <subfield code="a">地震工程與工程振動（英文版）</subfield>
  </datafield>
  <datafield tag="210" ind1="" ind2="">
   <subfield code="a">EARTHQ. ENG. ENG. VIB.</subfield>
  </datafield>
  <datafield tag="210" ind1="" ind2="">
   <subfield code="a">地震工程与工程振动 (英文版)</subfield>
  </datafield>
  <datafield tag="210" ind1="" ind2="">
   <subfield code="a">DIZHENG GONGCHENG HE GONGCHENG ZHENGDONG</subfield>
  </datafield>
  <datafield tag="210" ind1="" ind2="">
   <subfield code="a">EARTHQUAKE ENGINEERING &amp; ENGINEERING VIBRATION</subfield>
  </datafield>
  <datafield tag="210" ind1="" ind2="">
   <subfield code="a">EARTHQ ENG ENG VIB</subfield>
  </datafield>
  <datafield tag="260" ind1="" ind2="">
   <subfield code="a">[S.l.]</subfield>
   <subfield code="b">Institute of Engineering Mechanics, China Earthquake Administration</subfield>
  </datafield>
  <datafield tag="022" ind1="" ind2="">
   <subfield code="a">1671-3664</subfield>
  </datafield>
  <datafield tag="776" ind1="" ind2="">
   <subfield code="x">1993-503X</subfield>
  </datafield>
  <datafield tag="090" ind1="" ind2="">
   <subfield code="a">1000000000241267</subfield>
  </datafield>
  <datafield tag="866" ind1="" ind2="">
   <subfield code="a">Available from 2002 volume: 1 issue: 1. </subfield>
   <subfield code="s">1000000000002533</subfield>
   <subfield code="t">1000000000001874</subfield>
   <subfield code="x">Canadian Research Knowledge Network Springer Link Current:Full Text</subfield>
   <subfield code="z">1000000001826035</subfield>
  </datafield>
 </record>