
 <record>
  <leader>-----nas-a2200000z--4500</leader>
  <controlfield tag="008">131125uuuuuuuuuxx-uu-|------u|----|eng-d</controlfield>
  <datafield tag="245" ind1="" ind2="">
   <subfield code="a">Zeitschrift für Planung &amp; Unternehmenssteuerung</subfield>
  </datafield>
  <datafield tag="210" ind1="" ind2="">
   <subfield code="a">ZEITSCHRIFT FÜR PLANUNG AND UNTERNEHMENSSTEUERUNG</subfield>
  </datafield>
  <datafield tag="260" ind1="" ind2="">
   <subfield code="a">Heidelberg</subfield>
   <subfield code="b">Physica-Verlag</subfield>
  </datafield>
  <datafield tag="022" ind1="" ind2="">
   <subfield code="a">1613-8392</subfield>
  </datafield>
  <datafield tag="776" ind1="" ind2="">
   <subfield code="x">1613-9267</subfield>
  </datafield>
  <datafield tag="090" ind1="" ind2="">
   <subfield code="a">1000000000257070</subfield>
  </datafield>
  <datafield tag="866" ind1="" ind2="">
   <subfield code="a">Available from 2003 volume: 14 issue: 1 until 2011 volume: 21 issue: 4. </subfield>
   <subfield code="s">1000000000002533</subfield>
   <subfield code="t">1000000000001874</subfield>
   <subfield code="x">Canadian Research Knowledge Network Springer Link Current:Full Text</subfield>
   <subfield code="z">1000000000950113</subfield>
  </datafield>
 </record>