
 <record>
  <leader>-----nas-a2200000z--4500</leader>
  <controlfield tag="008">131125uuuuuuuuuxx-uu-|------u|----|eng-d</controlfield>
  <datafield tag="245" ind1="" ind2="4">
   <subfield code="a">The International sports law journal</subfield>
  </datafield>
  <datafield tag="210" ind1="" ind2="">
   <subfield code="a">INTERNATIONAL SPORTS LAW JOURNAL</subfield>
  </datafield>
  <datafield tag="260" ind1="" ind2="">
   <subfield code="a">Amsterdam</subfield>
   <subfield code="b">ASSER International Sports Law Centre</subfield>
  </datafield>
  <datafield tag="022" ind1="" ind2="">
   <subfield code="a">1567-7559</subfield>
  </datafield>
  <datafield tag="090" ind1="" ind2="">
   <subfield code="a">1000000000275957</subfield>
  </datafield>
  <datafield tag="866" ind1="" ind2="">
   <subfield code="a">Available from 2013 volume: 13 issue: 1. </subfield>
   <subfield code="s">1000000000002533</subfield>
   <subfield code="t">1000000000001874</subfield>
   <subfield code="x">Canadian Research Knowledge Network Springer Link Current:Full Text</subfield>
   <subfield code="z">2670000001504338</subfield>
  </datafield>
 </record>