
 <record>
  <leader>-----nas-a2200000z--4500</leader>
  <controlfield tag="008">131125uuuuuuuuuxx-uu-|------u|----|eng-d</controlfield>
  <datafield tag="010" ind1="" ind2="">
   <subfield code="a">  2006243855</subfield>
  </datafield>
  <datafield tag="245" ind1="" ind2="0">
   <subfield code="a">World journal of pediatrics</subfield>
  </datafield>
  <datafield tag="210" ind1="" ind2="">
   <subfield code="a">WORLD J PEDIATR</subfield>
  </datafield>
  <datafield tag="260" ind1="" ind2="">
   <subfield code="b">Children's Hospital, Zhejiang University School of Medicine, co-published with Springer-Verlag GmbH</subfield>
  </datafield>
  <datafield tag="022" ind1="" ind2="">
   <subfield code="a">1708-8569</subfield>
  </datafield>
  <datafield tag="776" ind1="" ind2="">
   <subfield code="x">1867-0687</subfield>
  </datafield>
  <datafield tag="090" ind1="" ind2="">
   <subfield code="a">1000000000276942</subfield>
  </datafield>
  <datafield tag="866" ind1="" ind2="">
   <subfield code="a">Available from 2008 volume: 4 issue: 1. </subfield>
   <subfield code="s">1000000000002533</subfield>
   <subfield code="t">1000000000001874</subfield>
   <subfield code="x">Canadian Research Knowledge Network Springer Link Current:Full Text</subfield>
   <subfield code="z">2590000000002539</subfield>
  </datafield>
 </record>