
 <record>
  <leader>-----nas-a2200000z--4500</leader>
  <controlfield tag="008">131125uuuuuuuuuxx-uu-|------u|----|ger-d</controlfield>
  <datafield tag="010" ind1="" ind2="">
   <subfield code="a">  2008210100</subfield>
  </datafield>
  <datafield tag="245" ind1="" ind2="0">
   <subfield code="a">AStA. Advances in statistical analysis</subfield>
  </datafield>
  <datafield tag="210" ind1="" ind2="">
   <subfield code="a">ASTA ADVANCES IN STATISTICAL ANALYSIS</subfield>
  </datafield>
  <datafield tag="210" ind1="" ind2="">
   <subfield code="a">ASTA ADV. STAT. ANAL</subfield>
  </datafield>
  <datafield tag="210" ind1="" ind2="">
   <subfield code="a">ASTA-ADV STAT ANAL</subfield>
  </datafield>
  <datafield tag="210" ind1="" ind2="">
   <subfield code="a">ADV STAT ANAL</subfield>
  </datafield>
  <datafield tag="260" ind1="" ind2="">
   <subfield code="a">Heidelberg</subfield>
   <subfield code="b">Physica</subfield>
  </datafield>
  <datafield tag="022" ind1="" ind2="">
   <subfield code="a">1863-8171</subfield>
  </datafield>
  <datafield tag="776" ind1="" ind2="">
   <subfield code="x">1863-818X</subfield>
  </datafield>
  <datafield tag="090" ind1="" ind2="">
   <subfield code="a">1000000000278541</subfield>
  </datafield>
  <datafield tag="866" ind1="" ind2="">
   <subfield code="a">Available from 2007 volume: 91 issue: 1. </subfield>
   <subfield code="s">1000000000002533</subfield>
   <subfield code="t">1000000000001874</subfield>
   <subfield code="x">Canadian Research Knowledge Network Springer Link Current:Full Text</subfield>
   <subfield code="z">1000000000948939</subfield>
  </datafield>
 </record>