
 <record>
  <leader>-----nas-a2200000z--4500</leader>
  <controlfield tag="008">131125uuuuuuuuuxx-uu-|------u|----|eng-d</controlfield>
  <datafield tag="245" ind1="" ind2="">
   <subfield code="a">Frontiers of Architecture and Civil Engineering in China</subfield>
  </datafield>
  <datafield tag="260" ind1="" ind2="">
   <subfield code="a">Beijing</subfield>
   <subfield code="b">Higher Education Press, co-published with Springer-Verlag GmbH</subfield>
  </datafield>
  <datafield tag="022" ind1="" ind2="">
   <subfield code="a">1673-7407</subfield>
  </datafield>
  <datafield tag="776" ind1="" ind2="">
   <subfield code="x">1673-7512</subfield>
  </datafield>
  <datafield tag="090" ind1="" ind2="">
   <subfield code="a">1000000000278573</subfield>
  </datafield>
  <datafield tag="866" ind1="" ind2="">
   <subfield code="a">Available from 2007 volume: 1 issue: 1 until 2011 volume: 5 issue: 4. </subfield>
   <subfield code="s">1000000000002533</subfield>
   <subfield code="t">1000000000001874</subfield>
   <subfield code="x">Canadian Research Knowledge Network Springer Link Current:Full Text</subfield>
   <subfield code="z">1000000001826072</subfield>
  </datafield>
 </record>