
 <record>
  <leader>-----nas-a2200000z--4500</leader>
  <controlfield tag="008">131125uuuuuuuuuxx-uu-|------u|----|eng-d</controlfield>
  <datafield tag="010" ind1="" ind2="">
   <subfield code="a">  2006213066</subfield>
  </datafield>
  <datafield tag="245" ind1="" ind2="">
   <subfield code="a">Sensing and Instrumentation for Food Quality and Safety</subfield>
  </datafield>
  <datafield tag="210" ind1="" ind2="">
   <subfield code="a">SENSING &amp; INSTRUMENTATION FOR FOOD QUALITY AND SAFETY</subfield>
  </datafield>
  <datafield tag="210" ind1="" ind2="">
   <subfield code="a">SENSING &amp; INSTRUMENTATION FOR FOOD QUALITY &amp; SAFETY</subfield>
  </datafield>
  <datafield tag="210" ind1="" ind2="">
   <subfield code="a">SENSING AND INSTRUMENTATION FOR FOOD QUALITY &amp; SAFETY</subfield>
  </datafield>
  <datafield tag="210" ind1="" ind2="">
   <subfield code="a">SENS. INSTRUM. FOOD QUAL. SAF</subfield>
  </datafield>
  <datafield tag="260" ind1="" ind2="">
   <subfield code="a">New York, NY</subfield>
   <subfield code="b">Springer Science + Business Media</subfield>
  </datafield>
  <datafield tag="022" ind1="" ind2="">
   <subfield code="a">1932-7587</subfield>
  </datafield>
  <datafield tag="776" ind1="" ind2="">
   <subfield code="x">1932-9954</subfield>
  </datafield>
  <datafield tag="090" ind1="" ind2="">
   <subfield code="a">1000000000278748</subfield>
  </datafield>
  <datafield tag="866" ind1="" ind2="">
   <subfield code="a">Available from 2007 volume: 1 issue: 1 until 2011 volume: 5 issue: 5. </subfield>
   <subfield code="s">1000000000002533</subfield>
   <subfield code="t">1000000000001874</subfield>
   <subfield code="x">Canadian Research Knowledge Network Springer Link Current:Full Text</subfield>
   <subfield code="z">1000000000950157</subfield>
  </datafield>
 </record>