
 <record>
  <leader>-----nas-a2200000z--4500</leader>
  <controlfield tag="008">131125uuuuuuuuuxx-uu-|------u|----|eng-d</controlfield>
  <datafield tag="010" ind1="" ind2="">
   <subfield code="a">  2007252650</subfield>
  </datafield>
  <datafield tag="245" ind1="" ind2="0">
   <subfield code="a">Swiss journal of geosciences</subfield>
  </datafield>
  <datafield tag="210" ind1="" ind2="">
   <subfield code="a">SWISS JOURNAL OF GEOSCIENCE</subfield>
  </datafield>
  <datafield tag="210" ind1="" ind2="">
   <subfield code="a">SWISS J GEOSCI</subfield>
  </datafield>
  <datafield tag="260" ind1="" ind2="">
   <subfield code="a">Basel</subfield>
   <subfield code="b">Birkhäuser Verlag</subfield>
  </datafield>
  <datafield tag="022" ind1="" ind2="">
   <subfield code="a">1661-8726</subfield>
  </datafield>
  <datafield tag="776" ind1="" ind2="">
   <subfield code="x">1661-8734</subfield>
  </datafield>
  <datafield tag="090" ind1="" ind2="">
   <subfield code="a">1000000000278762</subfield>
  </datafield>
  <datafield tag="866" ind1="" ind2="">
   <subfield code="a">Available from 2007 volume: 100 issue: 1. </subfield>
   <subfield code="b">$obj-&gt;parsedDate("&gt;=",2007,100,1)</subfield>
   <subfield code="c">L</subfield>
   <subfield code="s">1000000000002533</subfield>
   <subfield code="t">1000000000001874</subfield>
   <subfield code="x">Canadian Research Knowledge Network Springer Link Current:Full Text</subfield>
   <subfield code="z">1000000000950002</subfield>
  </datafield>
 </record>