
 <record>
  <leader>-----nas-a2200000z--4500</leader>
  <controlfield tag="008">131125uuuuuuuuuxx-uu-|------u|----|eng-d</controlfield>
  <datafield tag="010" ind1="" ind2="">
   <subfield code="a">  2008263510</subfield>
  </datafield>
  <datafield tag="245" ind1="" ind2="">
   <subfield code="a">Journal of Business Market Management</subfield>
  </datafield>
  <datafield tag="260" ind1="" ind2="">
   <subfield code="a">[Wiesbaden?]</subfield>
   <subfield code="b">Gabler Verlag</subfield>
  </datafield>
  <datafield tag="022" ind1="" ind2="">
   <subfield code="a">1864-0753</subfield>
  </datafield>
  <datafield tag="776" ind1="" ind2="">
   <subfield code="x">1864-0761</subfield>
  </datafield>
  <datafield tag="090" ind1="" ind2="">
   <subfield code="a">1000000000280371</subfield>
  </datafield>
  <datafield tag="866" ind1="" ind2="">
   <subfield code="a">Available from 2007 volume: 1 issue: 1 until 2010 volume: 4 issue: 4. </subfield>
   <subfield code="s">1000000000002533</subfield>
   <subfield code="t">1000000000001874</subfield>
   <subfield code="x">Canadian Research Knowledge Network Springer Link Current:Full Text</subfield>
   <subfield code="z">1000000000949448</subfield>
  </datafield>
 </record>