
 <record>
  <leader>-----nas-a2200000z--4500</leader>
  <controlfield tag="008">131125uuuuuuuuuxx-uu-|------u|----|fre-d</controlfield>
  <datafield tag="010" ind1="" ind2="">
   <subfield code="a">  2009268511</subfield>
  </datafield>
  <datafield tag="245" ind1="" ind2="">
   <subfield code="a">Bio tribune magazine</subfield>
  </datafield>
  <datafield tag="210" ind1="" ind2="">
   <subfield code="a">BIOTRIBUNE MAGAZINE</subfield>
  </datafield>
  <datafield tag="260" ind1="" ind2="">
   <subfield code="a"> Paris</subfield>
   <subfield code="b">Springer Paris</subfield>
  </datafield>
  <datafield tag="022" ind1="" ind2="">
   <subfield code="a">1772-9416</subfield>
  </datafield>
  <datafield tag="776" ind1="" ind2="">
   <subfield code="x">1951-655X</subfield>
  </datafield>
  <datafield tag="090" ind1="" ind2="">
   <subfield code="a">1000000000280505</subfield>
  </datafield>
  <datafield tag="866" ind1="" ind2="">
   <subfield code="a">Available from 2001 volume: 1 issue: 1. </subfield>
   <subfield code="b">$obj-&gt;parsedDate("&gt;=",2001,1,1)</subfield>
   <subfield code="c">L</subfield>
   <subfield code="s">1000000000002533</subfield>
   <subfield code="t">1000000000001874</subfield>
   <subfield code="x">Canadian Research Knowledge Network Springer Link Current:Full Text</subfield>
   <subfield code="z">1000000000948957</subfield>
  </datafield>
 </record>