
 <record>
  <leader>-----nas-a2200000z--4500</leader>
  <controlfield tag="008">131125uuuuuuuuuxx-uu-|------u|----|ger-d</controlfield>
  <datafield tag="010" ind1="" ind2="">
   <subfield code="a">  2009238006</subfield>
  </datafield>
  <datafield tag="245" ind1="" ind2="">
   <subfield code="a">Datenschutz und Datensicherheit</subfield>
  </datafield>
  <datafield tag="210" ind1="" ind2="">
   <subfield code="a">DUD</subfield>
  </datafield>
  <datafield tag="210" ind1="" ind2="">
   <subfield code="a">DATENSCHUTZ UND DATENSICHERUNG, INFORMATIONSRECHT, KOMMUNIKATIONSSYSTEME</subfield>
  </datafield>
  <datafield tag="260" ind1="" ind2="">
   <subfield code="a">Wiesbaden</subfield>
   <subfield code="b">Springer, Vieweg</subfield>
  </datafield>
  <datafield tag="022" ind1="" ind2="">
   <subfield code="a">1614-0702</subfield>
  </datafield>
  <datafield tag="776" ind1="" ind2="">
   <subfield code="x">1862-2607</subfield>
  </datafield>
  <datafield tag="090" ind1="" ind2="">
   <subfield code="a">1000000000280524</subfield>
  </datafield>
  <datafield tag="866" ind1="" ind2="">
   <subfield code="a">Available from 2006 volume: 30 issue: 1. </subfield>
   <subfield code="b">$obj-&gt;parsedDate("&gt;=",2006,30,1)</subfield>
   <subfield code="c">L</subfield>
   <subfield code="s">1000000000002533</subfield>
   <subfield code="t">1000000000001874</subfield>
   <subfield code="x">Canadian Research Knowledge Network Springer Link Current:Full Text</subfield>
   <subfield code="z">1000000000949100</subfield>
  </datafield>
 </record>