
 <record>
  <leader>-----nas-a2200000z--4500</leader>
  <controlfield tag="008">131125uuuuuuuuuxx-uu-|------u|----|eng-d</controlfield>
  <datafield tag="010" ind1="" ind2="">
   <subfield code="a">  2010243155</subfield>
  </datafield>
  <datafield tag="245" ind1="" ind2="0">
   <subfield code="a">Oncology reviews</subfield>
  </datafield>
  <datafield tag="260" ind1="" ind2="">
   <subfield code="a">Voghera (PV)</subfield>
   <subfield code="b">Springer Milan</subfield>
  </datafield>
  <datafield tag="022" ind1="" ind2="">
   <subfield code="a">1970-5565</subfield>
  </datafield>
  <datafield tag="776" ind1="" ind2="">
   <subfield code="x">1970-5557</subfield>
  </datafield>
  <datafield tag="090" ind1="" ind2="">
   <subfield code="a">1000000000280758</subfield>
  </datafield>
  <datafield tag="866" ind1="" ind2="">
   <subfield code="a">Available from 2007 volume: 1 until 2011 volume: 5. </subfield>
   <subfield code="b">$obj-&gt;parsedDate('&gt;=','2007','1',undef) &amp;&amp; $obj-&gt;parsedDate('&lt;=','2011','5',undef)</subfield>
   <subfield code="c">L</subfield>
   <subfield code="s">1000000000002533</subfield>
   <subfield code="t">1000000000001874</subfield>
   <subfield code="x">Canadian Research Knowledge Network Springer Link Current:Full Text</subfield>
   <subfield code="z">1000000000950150</subfield>
  </datafield>
 </record>