
 <record>
  <leader>-----nas-a2200000z--4500</leader>
  <controlfield tag="008">131125uuuuuuuuuxx-uu-|------u|----|eng-d</controlfield>
  <datafield tag="010" ind1="" ind2="">
   <subfield code="a">  2005215715</subfield>
  </datafield>
  <datafield tag="245" ind1="" ind2="">
   <subfield code="a">Learning Inquiry</subfield>
  </datafield>
  <datafield tag="260" ind1="" ind2="">
   <subfield code="a">Norwell, MA</subfield>
   <subfield code="b">Springer Science + Business</subfield>
  </datafield>
  <datafield tag="022" ind1="" ind2="">
   <subfield code="a">1558-2973</subfield>
  </datafield>
  <datafield tag="776" ind1="" ind2="">
   <subfield code="x">1558-2981</subfield>
  </datafield>
  <datafield tag="090" ind1="" ind2="">
   <subfield code="a">1000000000280767</subfield>
  </datafield>
  <datafield tag="866" ind1="" ind2="">
   <subfield code="a">Available from 2007 volume: 1 issue: 1. </subfield>
   <subfield code="s">1000000000002533</subfield>
   <subfield code="t">1000000000001874</subfield>
   <subfield code="x">Canadian Research Knowledge Network Springer Link Current:Full Text</subfield>
   <subfield code="z">1000000000950144</subfield>
  </datafield>
 </record>