
 <record>
  <leader>-----nas-a2200000z--4500</leader>
  <controlfield tag="008">131125uuuuuuuuuxx-uu-|------u|----|ita-d</controlfield>
  <datafield tag="010" ind1="" ind2="">
   <subfield code="a">  2008242261</subfield>
  </datafield>
  <datafield tag="245" ind1="" ind2="0">
   <subfield code="a">International review of economics</subfield>
  </datafield>
  <datafield tag="260" ind1="" ind2="">
   <subfield code="a">Berlin</subfield>
   <subfield code="b">Springer</subfield>
  </datafield>
  <datafield tag="022" ind1="" ind2="">
   <subfield code="a">1865-1704</subfield>
  </datafield>
  <datafield tag="776" ind1="" ind2="">
   <subfield code="x">1863-4613</subfield>
  </datafield>
  <datafield tag="090" ind1="" ind2="">
   <subfield code="a">1000000000285668</subfield>
  </datafield>
  <datafield tag="866" ind1="" ind2="">
   <subfield code="a">Available from 2007 volume: 54 issue: 1. </subfield>
   <subfield code="s">1000000000002533</subfield>
   <subfield code="t">1000000000001874</subfield>
   <subfield code="x">Canadian Research Knowledge Network Springer Link Current:Full Text</subfield>
   <subfield code="z">1000000000949390</subfield>
  </datafield>
 </record>