
 <record>
  <leader>-----nas-a2200000z--4500</leader>
  <controlfield tag="008">131125uuuuuuuuuxx-uu-|------u|----|eng-d</controlfield>
  <datafield tag="245" ind1="" ind2="0">
   <subfield code="a">Neuroscience Bulletin</subfield>
  </datafield>
  <datafield tag="210" ind1="" ind2="">
   <subfield code="a">SHEN JING KE XUE TONG BAO （ YING WEN BAN ）</subfield>
  </datafield>
  <datafield tag="210" ind1="" ind2="">
   <subfield code="a">NEUROSCI BULL</subfield>
  </datafield>
  <datafield tag="260" ind1="" ind2="">
   <subfield code="a">Shanghai</subfield>
   <subfield code="b">Shanghai Institutes for Biological Sciences, Chinese Academy of Sciences, co-published with Springer</subfield>
  </datafield>
  <datafield tag="022" ind1="" ind2="">
   <subfield code="a">1673-7067</subfield>
  </datafield>
  <datafield tag="776" ind1="" ind2="">
   <subfield code="x">1995-8218</subfield>
  </datafield>
  <datafield tag="090" ind1="" ind2="">
   <subfield code="a">1000000000294785</subfield>
  </datafield>
  <datafield tag="866" ind1="" ind2="">
   <subfield code="a">Available from 2007 volume: 23 issue: 1. </subfield>
   <subfield code="s">1000000000002533</subfield>
   <subfield code="t">1000000000001874</subfield>
   <subfield code="x">Canadian Research Knowledge Network Springer Link Current:Full Text</subfield>
   <subfield code="z">3360000000813232</subfield>
  </datafield>
 </record>