
 <record>
  <leader>-----nas-a2200000z--4500</leader>
  <controlfield tag="008">131125uuuuuuuuuxx-uu-|------u|----|eng-d</controlfield>
  <datafield tag="010" ind1="" ind2="">
   <subfield code="a">  2004252415</subfield>
  </datafield>
  <datafield tag="245" ind1="" ind2="0">
   <subfield code="a">Journal of Ocean University of Qingdao</subfield>
  </datafield>
  <datafield tag="260" ind1="" ind2="">
   <subfield code="a">Qingdao, P.R. China</subfield>
   <subfield code="b">Ocean University of Qingdao</subfield>
  </datafield>
  <datafield tag="022" ind1="" ind2="">
   <subfield code="a">1671-2463</subfield>
  </datafield>
  <datafield tag="090" ind1="" ind2="">
   <subfield code="a">1000000000304001</subfield>
  </datafield>
  <datafield tag="866" ind1="" ind2="">
   <subfield code="a">Available from 2002 volume: 1 issue: 1 until 2003 volume: 2 issue: 2. </subfield>
   <subfield code="s">1000000000002533</subfield>
   <subfield code="t">1000000000001874</subfield>
   <subfield code="x">Canadian Research Knowledge Network Springer Link Current:Full Text</subfield>
   <subfield code="z">3390000000101026</subfield>
  </datafield>
 </record>