
 <record>
  <leader>-----nas-a2200000z--4500</leader>
  <controlfield tag="008">131125uuuuuuuuuxx-uu-|------u|----|eng-d</controlfield>
  <datafield tag="010" ind1="" ind2="">
   <subfield code="a">  2007214367</subfield>
  </datafield>
  <datafield tag="245" ind1="" ind2="0">
   <subfield code="a">Food analytical methods</subfield>
  </datafield>
  <datafield tag="210" ind1="" ind2="">
   <subfield code="a">FOOD ANAL. METHODS</subfield>
  </datafield>
  <datafield tag="210" ind1="" ind2="">
   <subfield code="a">FOOD ANAL METHOD</subfield>
  </datafield>
  <datafield tag="260" ind1="" ind2="">
   <subfield code="a">New York, N.Y.</subfield>
   <subfield code="b">Springer New York</subfield>
  </datafield>
  <datafield tag="022" ind1="" ind2="">
   <subfield code="a">1936-9751</subfield>
  </datafield>
  <datafield tag="776" ind1="" ind2="">
   <subfield code="x">1936-976X</subfield>
  </datafield>
  <datafield tag="090" ind1="" ind2="">
   <subfield code="a">1000000000321515</subfield>
  </datafield>
  <datafield tag="866" ind1="" ind2="">
   <subfield code="a">Available from 2008 volume: 1 issue: 1. </subfield>
   <subfield code="s">1000000000002533</subfield>
   <subfield code="t">1000000000001874</subfield>
   <subfield code="x">Canadian Research Knowledge Network Springer Link Current:Full Text</subfield>
   <subfield code="z">3360000000813283</subfield>
  </datafield>
 </record>