
 <record>
  <leader>-----nas-a2200000z--4500</leader>
  <controlfield tag="008">131125uuuuuuuuuxx-uu-|------u|----|ita-d</controlfield>
  <datafield tag="010" ind1="" ind2="">
   <subfield code="a">  2007243512</subfield>
  </datafield>
  <datafield tag="245" ind1="" ind2="3">
   <subfield code="a">La rivista italiana della medicina di laboratorio</subfield>
  </datafield>
  <datafield tag="260" ind1="" ind2="">
   <subfield code="a">Torino</subfield>
   <subfield code="b">M.A.F. Servizi</subfield>
  </datafield>
  <datafield tag="022" ind1="" ind2="">
   <subfield code="a">1825-859X</subfield>
  </datafield>
  <datafield tag="776" ind1="" ind2="">
   <subfield code="x">2039-6821</subfield>
  </datafield>
  <datafield tag="090" ind1="" ind2="">
   <subfield code="a">1000000000326253</subfield>
  </datafield>
  <datafield tag="866" ind1="" ind2="">
   <subfield code="a">Available from 2011 volume: 7 issue: 1. </subfield>
   <subfield code="s">1000000000002533</subfield>
   <subfield code="t">1000000000001874</subfield>
   <subfield code="x">Canadian Research Knowledge Network Springer Link Current:Full Text</subfield>
   <subfield code="z">3390000000101031</subfield>
  </datafield>
 </record>