
 <record>
  <leader>-----nas-a2200000z--4500</leader>
  <controlfield tag="008">131125uuuuuuuuuxx-uu-|------u|----|eng-d</controlfield>
  <datafield tag="245" ind1="" ind2="0">
   <subfield code="a">Il Nuovo Cimento (1855-1965)</subfield>
  </datafield>
  <datafield tag="210" ind1="" ind2="">
   <subfield code="a">NUOVO CIMENTO (1855-1965)</subfield>
  </datafield>
  <datafield tag="210" ind1="" ind2="">
   <subfield code="a">IL NUOVO CIMENTO </subfield>
  </datafield>
  <datafield tag="210" ind1="" ind2="">
   <subfield code="a">IL NUOVO CIMENTO. NUOVA SERIE</subfield>
  </datafield>
  <datafield tag="210" ind1="" ind2="">
   <subfield code="a">IL NUOVO CIMENTO. SERIE DECIMA</subfield>
  </datafield>
  <datafield tag="210" ind1="" ind2="">
   <subfield code="a">NUOVO CIMENTO</subfield>
  </datafield>
  <datafield tag="210" ind1="" ind2="">
   <subfield code="a">NUOVO CIM</subfield>
  </datafield>
  <datafield tag="260" ind1="" ind2="">
   <subfield code="a">Heidelberg</subfield>
   <subfield code="b">Springer</subfield>
  </datafield>
  <datafield tag="022" ind1="" ind2="">
   <subfield code="a">0029-6341</subfield>
  </datafield>
  <datafield tag="776" ind1="" ind2="">
   <subfield code="x">1827-6121</subfield>
  </datafield>
  <datafield tag="090" ind1="" ind2="">
   <subfield code="a">1000000000328847</subfield>
  </datafield>
  <datafield tag="866" ind1="" ind2="">
   <subfield code="a">Available from 1895 volume: 1 issue: 1 until 1900. </subfield>
   <subfield code="s">1000000000002986</subfield>
   <subfield code="t">1000000000002296</subfield>
   <subfield code="x">Canadian Research Knowledge Network Springer Link Archive:Full Text</subfield>
   <subfield code="z">1000000001789413</subfield>
  </datafield>
 </record>