
 <record>
  <leader>-----nas-a2200000z--4500</leader>
  <controlfield tag="008">131125uuuuuuuuuxx-uu-|------u|----|ita-d</controlfield>
  <datafield tag="245" ind1="" ind2="0">
   <subfield code="a">Lo Scalpello</subfield>
  </datafield>
  <datafield tag="210" ind1="" ind2="">
   <subfield code="a">SCALPELLO - OTODI EDUCATIONAL</subfield>
  </datafield>
  <datafield tag="260" ind1="" ind2="">
   <subfield code="a">Milano</subfield>
   <subfield code="b">Springer Milan</subfield>
  </datafield>
  <datafield tag="022" ind1="" ind2="">
   <subfield code="a">0390-5276</subfield>
  </datafield>
  <datafield tag="776" ind1="" ind2="">
   <subfield code="x">1970-6812</subfield>
  </datafield>
  <datafield tag="090" ind1="" ind2="">
   <subfield code="a">1000000000328850</subfield>
  </datafield>
  <datafield tag="866" ind1="" ind2="">
   <subfield code="a">Available from 2007 volume: 21 issue: 1. </subfield>
   <subfield code="b">$obj-&gt;parsedDate("&gt;=",2007,21,1)</subfield>
   <subfield code="c">L</subfield>
   <subfield code="s">1000000000002533</subfield>
   <subfield code="t">1000000000001874</subfield>
   <subfield code="x">Canadian Research Knowledge Network Springer Link Current:Full Text</subfield>
   <subfield code="z">1000000000949664</subfield>
  </datafield>
 </record>