
 <record>
  <leader>-----nas-a2200000z--4500</leader>
  <controlfield tag="008">131125uuuuuuuuuxx-uu-|------u|----|fre-d</controlfield>
  <datafield tag="010" ind1="" ind2="">
   <subfield code="a">  2008243459</subfield>
  </datafield>
  <datafield tag="245" ind1="" ind2="0">
   <subfield code="a">Dairy science &amp; technology</subfield>
  </datafield>
  <datafield tag="210" ind1="" ind2="">
   <subfield code="a">DAIRY SCIENCE AND TECHNOLOGY</subfield>
  </datafield>
  <datafield tag="210" ind1="" ind2="">
   <subfield code="a">DAIRY SCI TECHNOL</subfield>
  </datafield>
  <datafield tag="260" ind1="" ind2="">
   <subfield code="a">Les Ulis, France</subfield>
   <subfield code="b">EDP Sciences</subfield>
  </datafield>
  <datafield tag="022" ind1="" ind2="">
   <subfield code="a">1958-5586</subfield>
  </datafield>
  <datafield tag="776" ind1="" ind2="">
   <subfield code="x">1958-5594</subfield>
  </datafield>
  <datafield tag="090" ind1="" ind2="">
   <subfield code="a">1000000000332051</subfield>
  </datafield>
  <datafield tag="866" ind1="" ind2="">
   <subfield code="a">Available from 2008 volume: 88 issue: 1. </subfield>
   <subfield code="s">1000000000002533</subfield>
   <subfield code="t">1000000000001874</subfield>
   <subfield code="x">Canadian Research Knowledge Network Springer Link Current:Full Text</subfield>
   <subfield code="z">3390000000101035</subfield>
  </datafield>
 </record>