
 <record>
  <leader>-----nas-a2200000z--4500</leader>
  <controlfield tag="008">131125uuuuuuuuuxx-uu-|------u|----|eng-d</controlfield>
  <datafield tag="245" ind1="" ind2="0">
   <subfield code="a">African Journal of Urology</subfield>
  </datafield>
  <datafield tag="260" ind1="" ind2="">
   <subfield code="a">Paris</subfield>
   <subfield code="b">Springer Paris</subfield>
  </datafield>
  <datafield tag="022" ind1="" ind2="">
   <subfield code="a">1110-5704</subfield>
  </datafield>
  <datafield tag="776" ind1="" ind2="">
   <subfield code="x">1961-9987</subfield>
  </datafield>
  <datafield tag="090" ind1="" ind2="">
   <subfield code="a">1000000000365608</subfield>
  </datafield>
  <datafield tag="866" ind1="" ind2="">
   <subfield code="a">Available from 2008 volume: 14 issue: 1. </subfield>
   <subfield code="b">$obj-&gt;parsedDate("&gt;=",2008,14,1)</subfield>
   <subfield code="c">L</subfield>
   <subfield code="s">1000000000002533</subfield>
   <subfield code="t">1000000000001874</subfield>
   <subfield code="x">Canadian Research Knowledge Network Springer Link Current:Full Text</subfield>
   <subfield code="z">1000000000950220</subfield>
  </datafield>
 </record>