
 <record>
  <leader>-----nas-a2200000z--4500</leader>
  <controlfield tag="008">131125uuuuuuuuuxx-uu-|------u|----|eng-d</controlfield>
  <datafield tag="245" ind1="" ind2="0">
   <subfield code="a">Korean Journal of Computational and Applied Mathematics</subfield>
  </datafield>
  <datafield tag="260" ind1="" ind2="">
   <subfield code="a">Asan</subfield>
   <subfield code="b">Han-gug jeongbo cheori hag-hoe</subfield>
  </datafield>
  <datafield tag="022" ind1="" ind2="">
   <subfield code="a">1226-0061</subfield>
  </datafield>
  <datafield tag="776" ind1="" ind2="">
   <subfield code="x">1229-9502</subfield>
  </datafield>
  <datafield tag="090" ind1="" ind2="">
   <subfield code="a">1000000000379197</subfield>
  </datafield>
  <datafield tag="866" ind1="" ind2="">
   <subfield code="a">Available from 1997 volume: 4 issue: 1 until 2002 volume: 9 issue: 2. </subfield>
   <subfield code="s">1000000000002533</subfield>
   <subfield code="t">1000000000001874</subfield>
   <subfield code="x">Canadian Research Knowledge Network Springer Link Current:Full Text</subfield>
   <subfield code="z">3390000000101017</subfield>
  </datafield>
 </record>