
 <record>
  <leader>-----nas-a2200000z--4500</leader>
  <controlfield tag="008">131125uuuuuuuuuxx-uu-|------u|----|eng-d</controlfield>
  <datafield tag="245" ind1="" ind2="0">
   <subfield code="a">Netherlands journal of housing and the built environment</subfield>
  </datafield>
  <datafield tag="210" ind1="" ind2="">
   <subfield code="a">NETH. J. HOUS. BUILT ENVIRON.</subfield>
  </datafield>
  <datafield tag="210" ind1="" ind2="">
   <subfield code="a">NETHERLANDS JOURNAL OF HOUSING &amp; THE BUILT ENVIRONMENT</subfield>
  </datafield>
  <datafield tag="260" ind1="" ind2="">
   <subfield code="a">Delft</subfield>
   <subfield code="b"> Delft Univerisity Press</subfield>
  </datafield>
  <datafield tag="022" ind1="" ind2="">
   <subfield code="a">1383-2336</subfield>
  </datafield>
  <datafield tag="090" ind1="" ind2="">
   <subfield code="a">1000000000390037</subfield>
  </datafield>
  <datafield tag="866" ind1="" ind2="">
   <subfield code="a">Available from 1986 volume: 1 issue: 1 until 1996 volume: 11 issue: 4. </subfield>
   <subfield code="b">$obj-&gt;parsedDate('&gt;=','1986','1','1') &amp;&amp; $obj-&gt;parsedDate('&lt;=','1996','11','4')</subfield>
   <subfield code="c">G</subfield>
   <subfield code="s">1000000000002986</subfield>
   <subfield code="t">1000000000002296</subfield>
   <subfield code="x">Canadian Research Knowledge Network Springer Link Archive:Full Text</subfield>
   <subfield code="z">10920000000043800</subfield>
  </datafield>
 </record>