
 <record>
  <leader>-----nas-a2200000z--4500</leader>
  <controlfield tag="008">131125uuuuuuuuuxx-uu-|------u|----|spa-d</controlfield>
  <datafield tag="245" ind1="" ind2="0">
   <subfield code="a">Boletín de la Sociedad Española de Matemática Aplicada</subfield>
  </datafield>
  <datafield tag="210" ind1="" ind2="">
   <subfield code="a">BOL. SOC. ESP. MAT. APL. SEMA</subfield>
  </datafield>
  <datafield tag="260" ind1="" ind2="">
   <subfield code="a">Salamanca</subfield>
   <subfield code="b">Dpto. de Matemática Aplicada, Universidad de Salamanca</subfield>
  </datafield>
  <datafield tag="022" ind1="" ind2="">
   <subfield code="a">1575-9822</subfield>
  </datafield>
  <datafield tag="090" ind1="" ind2="">
   <subfield code="a">1000000000416995</subfield>
  </datafield>
  <datafield tag="866" ind1="" ind2="">
   <subfield code="a">Available from 2010 volume: 50 until 2010 volume: 52. </subfield>
   <subfield code="b">$obj-&gt;parsedDate('&gt;=','2010','50',undef) &amp;&amp; $obj-&gt;parsedDate('&lt;=','2010','52',undef)</subfield>
   <subfield code="c">L</subfield>
   <subfield code="s">1000000000002533</subfield>
   <subfield code="t">1000000000001874</subfield>
   <subfield code="x">Canadian Research Knowledge Network Springer Link Current:Full Text</subfield>
   <subfield code="z">3360000000813227</subfield>
  </datafield>
 </record>