
 <record>
  <leader>-----nas-a2200000z--4500</leader>
  <controlfield tag="008">131125uuuuuuuuuxx-uu-|------u|----|eng-d</controlfield>
  <datafield tag="245" ind1="" ind2="0">
   <subfield code="a">Asia-Pacific Journal of Atmospheric Sciences</subfield>
  </datafield>
  <datafield tag="210" ind1="" ind2="">
   <subfield code="a">ASIA-PAC. J. ATMOSPHERIC SCI.</subfield>
  </datafield>
  <datafield tag="210" ind1="" ind2="">
   <subfield code="a">APJAS</subfield>
  </datafield>
  <datafield tag="210" ind1="" ind2="">
   <subfield code="a">ASIA-PAC J ATMOS SCI</subfield>
  </datafield>
  <datafield tag="210" ind1="" ind2="">
   <subfield code="a">PAC J ATMOS SCI</subfield>
  </datafield>
  <datafield tag="260" ind1="" ind2="">
   <subfield code="a">Seoul</subfield>
   <subfield code="b">한국기상학회</subfield>
  </datafield>
  <datafield tag="022" ind1="" ind2="">
   <subfield code="a">1976-7633</subfield>
  </datafield>
  <datafield tag="776" ind1="" ind2="">
   <subfield code="x">1976-7951</subfield>
  </datafield>
  <datafield tag="090" ind1="" ind2="">
   <subfield code="a">1000000000489034</subfield>
  </datafield>
  <datafield tag="866" ind1="" ind2="">
   <subfield code="a">Available from 2010 volume: 46 issue: 1. </subfield>
   <subfield code="s">1000000000002533</subfield>
   <subfield code="t">1000000000001874</subfield>
   <subfield code="x">Canadian Research Knowledge Network Springer Link Current:Full Text</subfield>
   <subfield code="z">2590000000002614</subfield>
  </datafield>
 </record>