
 <record>
  <leader>-----nas-a2200000z--4500</leader>
  <controlfield tag="008">131125uuuuuuuuuxx-uu-|------u|----|eng-d</controlfield>
  <datafield tag="245" ind1="" ind2="0">
   <subfield code="a">Archiv für experimentelle Pathologie und Pharmakologie</subfield>
  </datafield>
  <datafield tag="210" ind1="" ind2="">
   <subfield code="a">ARCH. EXP. PATHOL. PHARMAKOL.</subfield>
  </datafield>
  <datafield tag="022" ind1="" ind2="">
   <subfield code="a">0365-2041</subfield>
  </datafield>
  <datafield tag="090" ind1="" ind2="">
   <subfield code="a">1000000000496017</subfield>
  </datafield>
  <datafield tag="866" ind1="" ind2="">
   <subfield code="a">Available from 1873 volume: 1 issue: 1 until 1925. </subfield>
   <subfield code="b">$obj-&gt;parsedDate('&gt;=','1873','1','1') &amp;&amp; $obj-&gt;parsedDate('&lt;=','1925','undef','undef')</subfield>
   <subfield code="c">G</subfield>
   <subfield code="s">1000000000002986</subfield>
   <subfield code="t">1000000000002296</subfield>
   <subfield code="x">Canadian Research Knowledge Network Springer Link Archive:Full Text</subfield>
   <subfield code="z">10920000000044607</subfield>
  </datafield>
 </record>