
 <record>
  <leader>-----nas-a2200000z--4500</leader>
  <controlfield tag="008">131125uuuuuuuuuxx-uu-|------u|----|eng-d</controlfield>
  <datafield tag="245" ind1="" ind2="0">
   <subfield code="a">Frontiers of Optoelectronics in China</subfield>
  </datafield>
  <datafield tag="260" ind1="" ind2="">
   <subfield code="b">Higher Education Press, co-published with Springer-Verlag GmbH</subfield>
  </datafield>
  <datafield tag="022" ind1="" ind2="">
   <subfield code="a">1674-4128</subfield>
  </datafield>
  <datafield tag="776" ind1="" ind2="">
   <subfield code="x">1674-4594</subfield>
  </datafield>
  <datafield tag="090" ind1="" ind2="">
   <subfield code="a">1000000000498306</subfield>
  </datafield>
  <datafield tag="866" ind1="" ind2="">
   <subfield code="a">Available from 2008 until 2011. </subfield>
   <subfield code="b">$obj-&gt;parsedDate('&gt;=','2008',undef,undef) &amp;&amp; $obj-&gt;parsedDate('&lt;=','2011',undef,undef)</subfield>
   <subfield code="c">G</subfield>
   <subfield code="s">1000000000002533</subfield>
   <subfield code="t">1000000000001874</subfield>
   <subfield code="x">Canadian Research Knowledge Network Springer Link Current:Full Text</subfield>
   <subfield code="z">10920000000044423</subfield>
  </datafield>
 </record>