
 <record>
  <leader>-----nas-a2200000z--4500</leader>
  <controlfield tag="008">131125uuuuuuuuuxx-uu-|------u|----|ger-d</controlfield>
  <datafield tag="245" ind1="" ind2="0">
   <subfield code="a">Zeitschrift für Aussen- und Sicherheitspolitik</subfield>
  </datafield>
  <datafield tag="260" ind1="" ind2="">
   <subfield code="a">Wiesbaden</subfield>
   <subfield code="b">Verl. für Sozialwiss</subfield>
  </datafield>
  <datafield tag="022" ind1="" ind2="">
   <subfield code="a">1866-2188</subfield>
  </datafield>
  <datafield tag="776" ind1="" ind2="">
   <subfield code="x">1866-2196</subfield>
  </datafield>
  <datafield tag="090" ind1="" ind2="">
   <subfield code="a">1000000000498340</subfield>
  </datafield>
  <datafield tag="866" ind1="" ind2="">
   <subfield code="a">Available from 2008 volume: 1 issue: 1. </subfield>
   <subfield code="s">1000000000002533</subfield>
   <subfield code="t">1000000000001874</subfield>
   <subfield code="x">Canadian Research Knowledge Network Springer Link Current:Full Text</subfield>
   <subfield code="z">3360000000813253</subfield>
  </datafield>
 </record>