
 <record>
  <leader>-----nas-a2200000z--4500</leader>
  <controlfield tag="008">131125uuuuuuuuuxx-uu-|------u|----|eng-d</controlfield>
  <datafield tag="245" ind1="" ind2="0">
   <subfield code="a">Business &amp; Information Systems Engineering</subfield>
  </datafield>
  <datafield tag="210" ind1="" ind2="">
   <subfield code="a">BUSINESS AND INFORMATION SYSTEMS ENGINEERING</subfield>
  </datafield>
  <datafield tag="210" ind1="" ind2="">
   <subfield code="a">BUS INFORM SYST ENG+</subfield>
  </datafield>
  <datafield tag="260" ind1="" ind2="">
   <subfield code="b">Gabler Verlag / GWV Fachverlage GmbH</subfield>
  </datafield>
  <datafield tag="022" ind1="" ind2="">
   <subfield code="a">1867-0202</subfield>
  </datafield>
  <datafield tag="090" ind1="" ind2="">
   <subfield code="a">1000000000543523</subfield>
  </datafield>
  <datafield tag="866" ind1="" ind2="">
   <subfield code="a">Available from 2009 volume: 1 issue: 1. </subfield>
   <subfield code="s">1000000000002533</subfield>
   <subfield code="t">1000000000001874</subfield>
   <subfield code="x">Canadian Research Knowledge Network Springer Link Current:Full Text</subfield>
   <subfield code="z">2580000000012950</subfield>
  </datafield>
 </record>