
 <record>
  <leader>-----nas-a2200000z--4500</leader>
  <controlfield tag="008">131125uuuuuuuuuxx-uu-|------u|----|fre-d</controlfield>
  <datafield tag="010" ind1="" ind2="">
   <subfield code="a">  2009243763</subfield>
  </datafield>
  <datafield tag="245" ind1="" ind2="4">
   <subfield code="a">Les Cahiers de l'année gérontologique</subfield>
  </datafield>
  <datafield tag="210" ind1="" ind2="">
   <subfield code="a">CAHIERS DE L'ANNÉE GÉRONTOLOGIQUE</subfield>
  </datafield>
  <datafield tag="260" ind1="" ind2="">
   <subfield code="a">Paris</subfield>
   <subfield code="b">Springer Paris</subfield>
  </datafield>
  <datafield tag="022" ind1="" ind2="">
   <subfield code="a">1760-5342</subfield>
  </datafield>
  <datafield tag="776" ind1="" ind2="">
   <subfield code="x">1760-5350</subfield>
  </datafield>
  <datafield tag="090" ind1="" ind2="">
   <subfield code="a">1000000000543537</subfield>
  </datafield>
  <datafield tag="866" ind1="" ind2="">
   <subfield code="a">Available from 2009 volume: 1 issue: 1. </subfield>
   <subfield code="s">1000000000002533</subfield>
   <subfield code="t">1000000000001874</subfield>
   <subfield code="x">Canadian Research Knowledge Network Springer Link Current:Full Text</subfield>
   <subfield code="z">2590000000002542</subfield>
  </datafield>
 </record>