
 <record>
  <leader>-----nas-a2200000z--4500</leader>
  <controlfield tag="008">131125uuuuuuuuuxx-uu-|------u|----|eng-d</controlfield>
  <datafield tag="010" ind1="" ind2="">
   <subfield code="a">  2009205448</subfield>
  </datafield>
  <datafield tag="010" ind1="" ind2="">
   <subfield code="a">  2009233314</subfield>
  </datafield>
  <datafield tag="245" ind1="" ind2="0">
   <subfield code="a">Protection of Metals and Physical Chemistry of Surfaces</subfield>
  </datafield>
  <datafield tag="210" ind1="" ind2="">
   <subfield code="a">PROTECTION OF METALS &amp; PHYSICAL CHEMISTRY OF SURFACES</subfield>
  </datafield>
  <datafield tag="210" ind1="" ind2="">
   <subfield code="a">PROT MET PHYS CHEM+</subfield>
  </datafield>
  <datafield tag="260" ind1="" ind2="">
   <subfield code="a">[S.l.]</subfield>
   <subfield code="b">MAIK Nauka/Interperiodica</subfield>
  </datafield>
  <datafield tag="022" ind1="" ind2="">
   <subfield code="a">2070-2051</subfield>
  </datafield>
  <datafield tag="776" ind1="" ind2="">
   <subfield code="x">2070-206X</subfield>
  </datafield>
  <datafield tag="090" ind1="" ind2="">
   <subfield code="a">1000000000543543</subfield>
  </datafield>
  <datafield tag="866" ind1="" ind2="">
   <subfield code="a">Available from 2009 volume: 45 issue: 1. </subfield>
   <subfield code="s">1000000000002533</subfield>
   <subfield code="t">1000000000001874</subfield>
   <subfield code="x">Canadian Research Knowledge Network Springer Link Current:Full Text</subfield>
   <subfield code="z">2590000000002620</subfield>
  </datafield>
 </record>