
 <record>
  <leader>-----nas-a2200000z--4500</leader>
  <controlfield tag="008">131125uuuuuuuuuxx-uu-|------u|----|eng-d</controlfield>
  <datafield tag="245" ind1="" ind2="0">
   <subfield code="a">ArgoSpine News &amp; Journal</subfield>
  </datafield>
  <datafield tag="260" ind1="" ind2="">
   <subfield code="a">Strasbourg</subfield>
   <subfield code="b">Springer Paris</subfield>
  </datafield>
  <datafield tag="022" ind1="" ind2="">
   <subfield code="a">1957-7729</subfield>
  </datafield>
  <datafield tag="776" ind1="" ind2="">
   <subfield code="x">1957-7737</subfield>
  </datafield>
  <datafield tag="090" ind1="" ind2="">
   <subfield code="a">1000000000577660</subfield>
  </datafield>
  <datafield tag="866" ind1="" ind2="">
   <subfield code="a">Available from 2007 volume: 15 issue: 1. </subfield>
   <subfield code="s">1000000000002533</subfield>
   <subfield code="t">1000000000001874</subfield>
   <subfield code="x">Canadian Research Knowledge Network Springer Link Current:Full Text</subfield>
   <subfield code="z">1000000001826089</subfield>
  </datafield>
 </record>