
 <record>
  <leader>-----nas-a2200000z--4500</leader>
  <controlfield tag="008">131125uuuuuuuuuxx-uu-|------u|----|eng-d</controlfield>
  <datafield tag="245" ind1="" ind2="0">
   <subfield code="a">Journal of Service Science</subfield>
  </datafield>
  <datafield tag="260" ind1="" ind2="">
   <subfield code="a">Seoul</subfield>
   <subfield code="b">Society of Service Science</subfield>
  </datafield>
  <datafield tag="022" ind1="" ind2="">
   <subfield code="a">2005-3274</subfield>
  </datafield>
  <datafield tag="776" ind1="" ind2="">
   <subfield code="x">2092-5204</subfield>
  </datafield>
  <datafield tag="090" ind1="" ind2="">
   <subfield code="a">1000000000767730</subfield>
  </datafield>
  <datafield tag="866" ind1="" ind2="">
   <subfield code="a">Available from 2009 volume: 1 issue: 1 until 2010 volume: 2 issue: 2. </subfield>
   <subfield code="s">1000000000002533</subfield>
   <subfield code="t">1000000000001874</subfield>
   <subfield code="x">Canadian Research Knowledge Network Springer Link Current:Full Text</subfield>
   <subfield code="z">2590000000002615</subfield>
  </datafield>
 </record>