
 <record>
  <leader>-----nas-a2200000z--4500</leader>
  <controlfield tag="008">131125uuuuuuuuuxx-uu-|------u|----|eng-d</controlfield>
  <datafield tag="245" ind1="" ind2="0">
   <subfield code="a">3D research</subfield>
  </datafield>
  <datafield tag="260" ind1="" ind2="">
   <subfield code="a">KOREA (REPUBLIC OF)</subfield>
   <subfield code="b">3D Research Center</subfield>
  </datafield>
  <datafield tag="776" ind1="" ind2="">
   <subfield code="x">2092-6731</subfield>
  </datafield>
  <datafield tag="090" ind1="" ind2="">
   <subfield code="a">1000000000800844</subfield>
  </datafield>
  <datafield tag="866" ind1="" ind2="">
   <subfield code="a">Available from 2010 volume: 1 issue: 1. </subfield>
   <subfield code="s">1000000000002533</subfield>
   <subfield code="t">1000000000001874</subfield>
   <subfield code="x">Canadian Research Knowledge Network Springer Link Current:Full Text</subfield>
   <subfield code="z">3360000000813339</subfield>
  </datafield>
 </record>