
 <record>
  <leader>-----nas-a2200000z--4500</leader>
  <controlfield tag="008">131125uuuuuuuuuxx-uu-|------u|----|eng-d</controlfield>
  <datafield tag="245" ind1="" ind2="0">
   <subfield code="a">Science China. Technological sciences</subfield>
  </datafield>
  <datafield tag="210" ind1="" ind2="">
   <subfield code="a">SCI CHINA TECHNOL SC</subfield>
  </datafield>
  <datafield tag="260" ind1="" ind2="">
   <subfield code="b">Science China Press, co-published with Springer</subfield>
  </datafield>
  <datafield tag="022" ind1="" ind2="">
   <subfield code="a">1674-7321</subfield>
  </datafield>
  <datafield tag="776" ind1="" ind2="">
   <subfield code="x">1869-1900</subfield>
  </datafield>
  <datafield tag="090" ind1="" ind2="">
   <subfield code="a">1000000000812671</subfield>
  </datafield>
  <datafield tag="866" ind1="" ind2="">
   <subfield code="a">Available from 2010 volume: 53 issue: 1. </subfield>
   <subfield code="s">1000000000002533</subfield>
   <subfield code="t">1000000000001874</subfield>
   <subfield code="x">Canadian Research Knowledge Network Springer Link Current:Full Text</subfield>
   <subfield code="z">2590000000002536</subfield>
  </datafield>
 </record>