
 <record>
  <leader>-----nas-a2200000z--4500</leader>
  <controlfield tag="008">131125uuuuuuuuuxx-uu-|------u|----|eng-d</controlfield>
  <datafield tag="010" ind1="" ind2="">
   <subfield code="a">  2010243580</subfield>
  </datafield>
  <datafield tag="245" ind1="" ind2="4">
   <subfield code="a">The EPMA Journal</subfield>
  </datafield>
  <datafield tag="210" ind1="" ind2="">
   <subfield code="a">EPMA JOURNAL</subfield>
  </datafield>
  <datafield tag="210" ind1="" ind2="">
   <subfield code="a">EPMA J</subfield>
  </datafield>
  <datafield tag="260" ind1="" ind2="">
   <subfield code="b">Springer Netherlands</subfield>
  </datafield>
  <datafield tag="022" ind1="" ind2="">
   <subfield code="a">1878-5077</subfield>
  </datafield>
  <datafield tag="776" ind1="" ind2="">
   <subfield code="x">1878-5085</subfield>
  </datafield>
  <datafield tag="090" ind1="" ind2="">
   <subfield code="a">1000000000814707</subfield>
  </datafield>
  <datafield tag="866" ind1="" ind2="">
   <subfield code="a">Available from 2010 volume: 1 issue: 1. </subfield>
   <subfield code="s">1000000000002533</subfield>
   <subfield code="t">1000000000001874</subfield>
   <subfield code="x">Canadian Research Knowledge Network Springer Link Current:Full Text</subfield>
   <subfield code="z">2590000000002603</subfield>
  </datafield>
 </record>