
 <record>
  <leader>-----nas-a2200000z--4500</leader>
  <controlfield tag="008">131125uuuuuuuuuxx-uu-|------u|----|eng-d</controlfield>
  <datafield tag="010" ind1="" ind2="">
   <subfield code="a">  2010250756</subfield>
  </datafield>
  <datafield tag="245" ind1="" ind2="0">
   <subfield code="a">Journal of Zhejiang University - Science C</subfield>
  </datafield>
  <datafield tag="260" ind1="" ind2="">
   <subfield code="b">Bohn Stafleu van Loghum</subfield>
  </datafield>
  <datafield tag="022" ind1="" ind2="">
   <subfield code="a">1869-1951</subfield>
  </datafield>
  <datafield tag="776" ind1="" ind2="">
   <subfield code="x">1869-196X</subfield>
  </datafield>
  <datafield tag="090" ind1="" ind2="">
   <subfield code="a">1000000000814741</subfield>
  </datafield>
  <datafield tag="866" ind1="" ind2="">
   <subfield code="a">Available from 2010 volume: 11 issue: 1. </subfield>
   <subfield code="s">1000000000002533</subfield>
   <subfield code="t">1000000000001874</subfield>
   <subfield code="x">Canadian Research Knowledge Network Springer Link Current:Full Text</subfield>
   <subfield code="z">3360000000369334</subfield>
  </datafield>
 </record>