
 <record>
  <leader>-----nas-a2200000z--4500</leader>
  <controlfield tag="008">131125uuuuuuuuuxx-uu-|------u|----|eng-d</controlfield>
  <datafield tag="010" ind1="" ind2="">
   <subfield code="a">  2004208664</subfield>
  </datafield>
  <datafield tag="245" ind1="" ind2="0">
   <subfield code="a">ZDM. Zentralblatt für Didaktik der Mathematik. Articles</subfield>
  </datafield>
  <datafield tag="260" ind1="" ind2="">
   <subfield code="a">Karlsruhe</subfield>
   <subfield code="b">FIZ Karlsruhe</subfield>
  </datafield>
  <datafield tag="022" ind1="" ind2="">
   <subfield code="a">1615-679X</subfield>
  </datafield>
  <datafield tag="090" ind1="" ind2="">
   <subfield code="a">2320000000009203</subfield>
  </datafield>
  <datafield tag="866" ind1="" ind2="">
   <subfield code="a">Available from 1997 volume: 29 issue: 1 until 2006 volume: 38 issue: 6. </subfield>
   <subfield code="b">$obj-&gt;parsedDate('&gt;=','1997','29','1') &amp;&amp; $obj-&gt;parsedDate('&lt;=','2006','38','6')</subfield>
   <subfield code="c">G</subfield>
   <subfield code="s">1000000000002533</subfield>
   <subfield code="t">1000000000001874</subfield>
   <subfield code="x">Canadian Research Knowledge Network Springer Link Current:Full Text</subfield>
   <subfield code="z">10920000000012368</subfield>
  </datafield>
 </record>