
 <record>
  <leader>-----nas-a2200000z--4500</leader>
  <controlfield tag="008">131125uuuuuuuuuxx-uu-|------u|----|eng-d</controlfield>
  <datafield tag="010" ind1="" ind2="">
   <subfield code="a">  2010243846</subfield>
  </datafield>
  <datafield tag="245" ind1="" ind2="0">
   <subfield code="a">Journal of pharmaceutical investigation</subfield>
  </datafield>
  <datafield tag="260" ind1="" ind2="">
   <subfield code="a">Seoul</subfield>
   <subfield code="b">Korean Society of Pharmaceutical Sciences and Technology</subfield>
  </datafield>
  <datafield tag="022" ind1="" ind2="">
   <subfield code="a">2093-5552</subfield>
  </datafield>
  <datafield tag="776" ind1="" ind2="">
   <subfield code="x">2093-6214</subfield>
  </datafield>
  <datafield tag="090" ind1="" ind2="">
   <subfield code="a">2320000000020345</subfield>
  </datafield>
  <datafield tag="866" ind1="" ind2="">
   <subfield code="a">Available from 2012 volume: 42 issue: 1. </subfield>
   <subfield code="s">1000000000002533</subfield>
   <subfield code="t">1000000000001874</subfield>
   <subfield code="x">Canadian Research Knowledge Network Springer Link Current:Full Text</subfield>
   <subfield code="z">3390000000109232</subfield>
  </datafield>
 </record>