
 <record>
  <leader>-----nas-a2200000z--4500</leader>
  <controlfield tag="008">131125uuuuuuuuuxx-uu-|------u|----|eng-d</controlfield>
  <datafield tag="245" ind1="" ind2="0">
   <subfield code="a">Jo'jig gonghag gwa jaesaeng uihag</subfield>
  </datafield>
  <datafield tag="260" ind1="" ind2="">
   <subfield code="a">Korea, S.</subfield>
   <subfield code="b">Han'gug Jojig Gonghag Jaesaeng Uihaghoe.</subfield>
  </datafield>
  <datafield tag="022" ind1="" ind2="">
   <subfield code="a">1738-2696</subfield>
  </datafield>
  <datafield tag="776" ind1="" ind2="">
   <subfield code="x">2212-5469</subfield>
  </datafield>
  <datafield tag="090" ind1="" ind2="">
   <subfield code="a">2480000000004079</subfield>
  </datafield>
  <datafield tag="866" ind1="" ind2="">
   <subfield code="a">Available from 2012 volume: 9 issue: 1. </subfield>
   <subfield code="s">1000000000002533</subfield>
   <subfield code="t">1000000000001874</subfield>
   <subfield code="x">Canadian Research Knowledge Network Springer Link Current:Full Text</subfield>
   <subfield code="z">3390000000109229</subfield>
  </datafield>
 </record>