
 <record>
  <leader>-----nas-a2200000z--4500</leader>
  <controlfield tag="008">131125uuuuuuuuuxx-uu-|------u|----|eng-d</controlfield>
  <datafield tag="010" ind1="" ind2="">
   <subfield code="a">  2010261106</subfield>
  </datafield>
  <datafield tag="245" ind1="" ind2="0">
   <subfield code="a">Indian journal of surgical oncology</subfield>
  </datafield>
  <datafield tag="210" ind1="" ind2="">
   <subfield code="a">INDIAN J SURG ONCOL</subfield>
  </datafield>
  <datafield tag="260" ind1="" ind2="">
   <subfield code="b">Springer India</subfield>
  </datafield>
  <datafield tag="022" ind1="" ind2="">
   <subfield code="a">0975-7651</subfield>
  </datafield>
  <datafield tag="776" ind1="" ind2="">
   <subfield code="x">0976-6952</subfield>
  </datafield>
  <datafield tag="090" ind1="" ind2="">
   <subfield code="a">2510000000000002</subfield>
  </datafield>
  <datafield tag="866" ind1="" ind2="">
   <subfield code="a">Available from 2010 volume: 1 issue: 1. </subfield>
   <subfield code="s">1000000000002533</subfield>
   <subfield code="t">1000000000001874</subfield>
   <subfield code="x">Canadian Research Knowledge Network Springer Link Current:Full Text</subfield>
   <subfield code="z">2590000000002482</subfield>
  </datafield>
 </record>