
 <record>
  <leader>-----nas-a2200000z--4500</leader>
  <controlfield tag="008">131125uuuuuuuuuxx-uu-|------u|----|eng-d</controlfield>
  <datafield tag="245" ind1="" ind2="0">
   <subfield code="a">Advances in Gerontology</subfield>
  </datafield>
  <datafield tag="260" ind1="" ind2="">
   <subfield code="a">Moscow</subfield>
   <subfield code="b">Pleiades Pub., MAIK "Nauka/Interperiodica"</subfield>
  </datafield>
  <datafield tag="022" ind1="" ind2="">
   <subfield code="a">2079-0570</subfield>
  </datafield>
  <datafield tag="776" ind1="" ind2="">
   <subfield code="x">2079-0589</subfield>
  </datafield>
  <datafield tag="090" ind1="" ind2="">
   <subfield code="a">2580000000006170</subfield>
  </datafield>
  <datafield tag="866" ind1="" ind2="">
   <subfield code="a">Available from 2011 volume: 1 issue: 1. </subfield>
   <subfield code="s">1000000000002533</subfield>
   <subfield code="t">1000000000001874</subfield>
   <subfield code="x">Canadian Research Knowledge Network Springer Link Current:Full Text</subfield>
   <subfield code="z">3360000000369342</subfield>
  </datafield>
 </record>