
 <record>
  <leader>-----nas-a2200000z--4500</leader>
  <controlfield tag="008">131125uuuuuuuuuxx-uu-|------u|----|eng-d</controlfield>
  <datafield tag="010" ind1="" ind2="">
   <subfield code="a">  2013215002</subfield>
  </datafield>
  <datafield tag="245" ind1="" ind2="0">
   <subfield code="a">Swiss Journal of Palaeontology</subfield>
  </datafield>
  <datafield tag="260" ind1="" ind2="">
   <subfield code="b">Birkhäuser Verlag Basel</subfield>
  </datafield>
  <datafield tag="022" ind1="" ind2="">
   <subfield code="a">1664-2376</subfield>
  </datafield>
  <datafield tag="776" ind1="" ind2="">
   <subfield code="x">1664-2384</subfield>
  </datafield>
  <datafield tag="090" ind1="" ind2="">
   <subfield code="a">2580000000006180</subfield>
  </datafield>
  <datafield tag="866" ind1="" ind2="">
   <subfield code="a">Available from 2011 volume: 130 issue: 1. </subfield>
   <subfield code="s">1000000000002533</subfield>
   <subfield code="t">1000000000001874</subfield>
   <subfield code="x">Canadian Research Knowledge Network Springer Link Current:Full Text</subfield>
   <subfield code="z">3360000000369330</subfield>
  </datafield>
 </record>