
 <record>
  <leader>-----nas-a2200000z--4500</leader>
  <controlfield tag="008">131125uuuuuuuuuxx-uu-|------u|----|eng-d</controlfield>
  <datafield tag="010" ind1="" ind2="">
   <subfield code="a">sn 99031066 </subfield>
  </datafield>
  <datafield tag="245" ind1="" ind2="0">
   <subfield code="a">Knowledge, Technology &amp; Policy</subfield>
  </datafield>
  <datafield tag="260" ind1="" ind2="">
   <subfield code="a">Piscataway, NJ</subfield>
   <subfield code="b">Transaction Periodicals Consortium, Rutgers University, c1998-</subfield>
  </datafield>
  <datafield tag="022" ind1="" ind2="">
   <subfield code="a">0897-1986</subfield>
  </datafield>
  <datafield tag="776" ind1="" ind2="">
   <subfield code="x">1874-6314</subfield>
  </datafield>
  <datafield tag="090" ind1="" ind2="">
   <subfield code="a">2610000000000064</subfield>
  </datafield>
  <datafield tag="866" ind1="" ind2="">
   <subfield code="a">Available from 1988 volume: 1 issue: 1 until 1991 volume: 3 issue: 4. </subfield>
   <subfield code="b">$obj-&gt;parsedDate('&gt;=','1988','1','1') &amp;&amp; $obj-&gt;parsedDate('&lt;=','1991','3','4')</subfield>
   <subfield code="c">L</subfield>
   <subfield code="s">1000000000002986</subfield>
   <subfield code="t">1000000000002296</subfield>
   <subfield code="x">Canadian Research Knowledge Network Springer Link Archive:Full Text</subfield>
   <subfield code="z">1000000001789055</subfield>
  </datafield>
  <datafield tag="866" ind1="" ind2="">
   <subfield code="a">Available from 1998 volume: 11 issue: 1 until 2010 volume: 23 issue: 4. </subfield>
   <subfield code="s">1000000000002533</subfield>
   <subfield code="t">1000000000001874</subfield>
   <subfield code="x">Canadian Research Knowledge Network Springer Link Current:Full Text</subfield>
   <subfield code="z">1000000000949636</subfield>
  </datafield>
 </record>