
 <record>
  <leader>-----nas-a2200000z--4500</leader>
  <controlfield tag="008">131125uuuuuuuuuxx-uu-|------u|----|ita-d</controlfield>
  <datafield tag="245" ind1="" ind2="0">
   <subfield code="a">Rendiconti lincei. Scienze fisiche e naturali</subfield>
  </datafield>
  <datafield tag="210" ind1="" ind2="">
   <subfield code="a">REND LINCEI-SCI FIS</subfield>
  </datafield>
  <datafield tag="210" ind1="" ind2="">
   <subfield code="a">SCI FIS</subfield>
  </datafield>
  <datafield tag="260" ind1="" ind2="">
   <subfield code="a">Milano</subfield>
   <subfield code="b">Springer Verlag Italia</subfield>
  </datafield>
  <datafield tag="022" ind1="" ind2="">
   <subfield code="a">2037-4631</subfield>
  </datafield>
  <datafield tag="090" ind1="" ind2="">
   <subfield code="a">2670000000010108</subfield>
  </datafield>
  <datafield tag="866" ind1="" ind2="">
   <subfield code="a">Available from 2008 volume: 19 issue: 1. </subfield>
   <subfield code="b">$obj-&gt;parsedDate('&gt;=','2008','19','1')</subfield>
   <subfield code="c">L</subfield>
   <subfield code="s">1000000000002533</subfield>
   <subfield code="t">1000000000001874</subfield>
   <subfield code="x">Canadian Research Knowledge Network Springer Link Current:Full Text</subfield>
   <subfield code="z">2590000000002619</subfield>
  </datafield>
 </record>