
 <record>
  <leader>-----nas-a2200000z--4500</leader>
  <controlfield tag="008">131125uuuuuuuuuxx-uu-|------u|----|eng-d</controlfield>
  <datafield tag="245" ind1="" ind2="0">
   <subfield code="a">Frontiers of Materials Science</subfield>
  </datafield>
  <datafield tag="260" ind1="" ind2="">
   <subfield code="a">Beijing</subfield>
   <subfield code="b">Higher Education Press</subfield>
  </datafield>
  <datafield tag="022" ind1="" ind2="">
   <subfield code="a">2095-025X</subfield>
  </datafield>
  <datafield tag="776" ind1="" ind2="">
   <subfield code="x">2095-0268</subfield>
  </datafield>
  <datafield tag="090" ind1="" ind2="">
   <subfield code="a">2670000000074851</subfield>
  </datafield>
  <datafield tag="866" ind1="" ind2="">
   <subfield code="a">Available from 2011 volume: 5 issue: 1. </subfield>
   <subfield code="s">1000000000002533</subfield>
   <subfield code="t">1000000000001874</subfield>
   <subfield code="x">Canadian Research Knowledge Network Springer Link Current:Full Text</subfield>
   <subfield code="z">3360000000813308</subfield>
  </datafield>
 </record>