
 <record>
  <leader>-----nas-a2200000z--4500</leader>
  <controlfield tag="008">131125uuuuuuuuuxx-uu-|------u|----|eng-d</controlfield>
  <datafield tag="245" ind1="" ind2="0">
   <subfield code="a">Frontiers of Structural and Civil Engineering</subfield>
  </datafield>
  <datafield tag="260" ind1="" ind2="">
   <subfield code="b">Springer Science &amp; Business Media</subfield>
  </datafield>
  <datafield tag="022" ind1="" ind2="">
   <subfield code="a">2095-2430</subfield>
  </datafield>
  <datafield tag="776" ind1="" ind2="">
   <subfield code="x">2095-2449</subfield>
  </datafield>
  <datafield tag="090" ind1="" ind2="">
   <subfield code="a">2670000000163090</subfield>
  </datafield>
  <datafield tag="866" ind1="" ind2="">
   <subfield code="a">Available from 2012 volume: 6 issue: 1. </subfield>
   <subfield code="s">1000000000002533</subfield>
   <subfield code="t">1000000000001874</subfield>
   <subfield code="x">Canadian Research Knowledge Network Springer Link Current:Full Text</subfield>
   <subfield code="z">3360000000813311</subfield>
  </datafield>
 </record>