
 <record>
  <leader>-----nas-a2200000z--4500</leader>
  <controlfield tag="008">131125uuuuuuuuuxx-uu-|------u|----|eng-d</controlfield>
  <datafield tag="245" ind1="" ind2="0">
   <subfield code="a">Computational and Applied Mathematics</subfield>
  </datafield>
  <datafield tag="210" ind1="" ind2="">
   <subfield code="a">COMPUT APPL MATH</subfield>
  </datafield>
  <datafield tag="210" ind1="" ind2="">
   <subfield code="a">COMP APPL M</subfield>
  </datafield>
  <datafield tag="260" ind1="" ind2="">
   <subfield code="a">São Carlos, SP</subfield>
   <subfield code="b">Sociedade Brasileira de Matemática Aplicada e Computacional</subfield>
  </datafield>
  <datafield tag="022" ind1="" ind2="">
   <subfield code="a">2238-3603</subfield>
  </datafield>
  <datafield tag="776" ind1="" ind2="">
   <subfield code="x">1807-0302</subfield>
  </datafield>
  <datafield tag="090" ind1="" ind2="">
   <subfield code="a">2670000000212713</subfield>
  </datafield>
  <datafield tag="866" ind1="" ind2="">
   <subfield code="a">Available from 2013 volume: 32. </subfield>
   <subfield code="b">$obj-&gt;parsedDate('&gt;=','2013','32',undef)</subfield>
   <subfield code="c">G</subfield>
   <subfield code="s">1000000000002533</subfield>
   <subfield code="t">1000000000001874</subfield>
   <subfield code="x">Canadian Research Knowledge Network Springer Link Current:Full Text</subfield>
   <subfield code="z">10920000000044436</subfield>
  </datafield>
 </record>