
 <record>
  <leader>-----nas-a2200000z--4500</leader>
  <controlfield tag="008">131125uuuuuuuuuxx-uu-|------u|----|eng-d</controlfield>
  <datafield tag="010" ind1="" ind2="">
   <subfield code="a">  2013243244</subfield>
  </datafield>
  <datafield tag="245" ind1="" ind2="0">
   <subfield code="a">Urolithiasis</subfield>
  </datafield>
  <datafield tag="260" ind1="" ind2="">
   <subfield code="b">Springer Science &amp; Business Media</subfield>
  </datafield>
  <datafield tag="022" ind1="" ind2="">
   <subfield code="a">2194-7228</subfield>
  </datafield>
  <datafield tag="776" ind1="" ind2="">
   <subfield code="x">2194-7236</subfield>
  </datafield>
  <datafield tag="090" ind1="" ind2="">
   <subfield code="a">2670000000320424</subfield>
  </datafield>
  <datafield tag="866" ind1="" ind2="">
   <subfield code="a">Available from 2013 volume: 41 issue: 1. </subfield>
   <subfield code="s">1000000000002533</subfield>
   <subfield code="t">1000000000001874</subfield>
   <subfield code="x">Canadian Research Knowledge Network Springer Link Current:Full Text</subfield>
   <subfield code="z">3360000000813324</subfield>
  </datafield>
 </record>