
 <record>
  <leader>-----nas-a2200000z--4500</leader>
  <controlfield tag="008">131125uuuuuuuuuxx-uu-|------u|----|ger-d</controlfield>
  <datafield tag="245" ind1="" ind2="0">
   <subfield code="a">Rheuma plus</subfield>
  </datafield>
  <datafield tag="260" ind1="" ind2="">
   <subfield code="a">Wien</subfield>
   <subfield code="b">Springer Wien</subfield>
  </datafield>
  <datafield tag="022" ind1="" ind2="">
   <subfield code="a">1868-260X</subfield>
  </datafield>
  <datafield tag="776" ind1="" ind2="">
   <subfield code="x">2191-2610</subfield>
  </datafield>
  <datafield tag="090" ind1="" ind2="">
   <subfield code="a">3130000000000241</subfield>
  </datafield>
  <datafield tag="866" ind1="" ind2="">
   <subfield code="a">Available from 2011 volume: 10 issue: 1. </subfield>
   <subfield code="s">1000000000002533</subfield>
   <subfield code="t">1000000000001874</subfield>
   <subfield code="x">Canadian Research Knowledge Network Springer Link Current:Full Text</subfield>
   <subfield code="z">3390000000101032</subfield>
  </datafield>
 </record>