
 <record>
  <leader>-----nas-a2200000z--4500</leader>
  <controlfield tag="008">131125uuuuuuuuuxx-uu-|------u|----|eng-d</controlfield>
  <datafield tag="010" ind1="" ind2="">
   <subfield code="a">  2010238361</subfield>
  </datafield>
  <datafield tag="245" ind1="" ind2="0">
   <subfield code="a">Sankhya Series B</subfield>
  </datafield>
  <datafield tag="260" ind1="" ind2="">
   <subfield code="a">Kolkata</subfield>
   <subfield code="b">Indian Statistical Institute</subfield>
  </datafield>
  <datafield tag="022" ind1="" ind2="">
   <subfield code="a">0976-8386</subfield>
  </datafield>
  <datafield tag="776" ind1="" ind2="">
   <subfield code="x">0976-8394</subfield>
  </datafield>
  <datafield tag="090" ind1="" ind2="">
   <subfield code="a">3130000000000242</subfield>
  </datafield>
  <datafield tag="866" ind1="" ind2="">
   <subfield code="a">Available from 2010 volume: 72 issue: 1. </subfield>
   <subfield code="s">1000000000002533</subfield>
   <subfield code="t">1000000000001874</subfield>
   <subfield code="x">Canadian Research Knowledge Network Springer Link Current:Full Text</subfield>
   <subfield code="z">3360000000813210</subfield>
  </datafield>
 </record>