
 <record>
  <leader>-----nas-a2200000z--4500</leader>
  <controlfield tag="008">131125uuuuuuuuuxx-uu-|------u|----|eng-d</controlfield>
  <datafield tag="245" ind1="" ind2="0">
   <subfield code="a">Knowledge, technology, &amp; policy</subfield>
  </datafield>
  <datafield tag="260" ind1="" ind2="">
   <subfield code="a">Piscataway, NJ</subfield>
   <subfield code="b">Transaction Periodicals Consortium, Rutgers University, c1998-</subfield>
  </datafield>
  <datafield tag="022" ind1="" ind2="">
   <subfield code="a">1946-4789</subfield>
  </datafield>
  <datafield tag="090" ind1="" ind2="">
   <subfield code="a">3220000000000201</subfield>
  </datafield>
  <datafield tag="866" ind1="" ind2="">
   <subfield code="a">Available from 1998 volume: 11 until 2010 volume: 23. </subfield>
   <subfield code="b">$obj-&gt;parsedDate('&gt;=','1998','11','undef') &amp;&amp; $obj-&gt;parsedDate('&lt;=','2010','23','undef')</subfield>
   <subfield code="c">G</subfield>
   <subfield code="s">1000000000002533</subfield>
   <subfield code="t">1000000000001874</subfield>
   <subfield code="x">Canadian Research Knowledge Network Springer Link Current:Full Text</subfield>
   <subfield code="z">10920000000011885</subfield>
  </datafield>
 </record>