
 <record>
  <leader>-----nas-a2200000z--4500</leader>
  <controlfield tag="008">131125uuuuuuuuuxx-uu-|------u|----|eng-d</controlfield>
  <datafield tag="245" ind1="" ind2="0">
   <subfield code="a">Frontiers in Energy</subfield>
  </datafield>
  <datafield tag="260" ind1="" ind2="">
   <subfield code="b">Springer Science &amp; Business Media</subfield>
  </datafield>
  <datafield tag="022" ind1="" ind2="">
   <subfield code="a">2095-1701</subfield>
  </datafield>
  <datafield tag="776" ind1="" ind2="">
   <subfield code="x">2095-1698</subfield>
  </datafield>
  <datafield tag="090" ind1="" ind2="">
   <subfield code="a">3400000000000213</subfield>
  </datafield>
  <datafield tag="866" ind1="" ind2="">
   <subfield code="a">Available from 2011 volume: 5 issue: 1. </subfield>
   <subfield code="s">1000000000002533</subfield>
   <subfield code="t">1000000000001874</subfield>
   <subfield code="x">Canadian Research Knowledge Network Springer Link Current:Full Text</subfield>
   <subfield code="z">3360000000813310</subfield>
  </datafield>
 </record>