
 <record>
  <leader>-----nas-a2200000z--4500</leader>
  <controlfield tag="008">131125uuuuuuuuuxx-uu-|------u|----|ger-d</controlfield>
  <datafield tag="245" ind1="" ind2="0">
   <subfield code="a">Zeitschrift für Bildungsforschung</subfield>
  </datafield>
  <datafield tag="260" ind1="" ind2="">
   <subfield code="b">VS Verlag für Sozialwissenschaften / Springer Fachmedien Wiesbaden</subfield>
  </datafield>
  <datafield tag="022" ind1="" ind2="">
   <subfield code="a">2190-6890</subfield>
  </datafield>
  <datafield tag="776" ind1="" ind2="">
   <subfield code="x">2190-6904</subfield>
  </datafield>
  <datafield tag="090" ind1="" ind2="">
   <subfield code="a">3400000000000217</subfield>
  </datafield>
  <datafield tag="866" ind1="" ind2="">
   <subfield code="a">Available from 2011 volume: 1 issue: 1. </subfield>
   <subfield code="s">1000000000002533</subfield>
   <subfield code="t">1000000000001874</subfield>
   <subfield code="x">Canadian Research Knowledge Network Springer Link Current:Full Text</subfield>
   <subfield code="z">3460000000011031</subfield>
  </datafield>
 </record>