
 <record>
  <leader>-----nas-a2200000z--4500</leader>
  <controlfield tag="008">131125uuuuuuuuuxx-uu-|------u|----|eng-d</controlfield>
  <datafield tag="245" ind1="" ind2="0">
   <subfield code="a">SeMA Journal</subfield>
  </datafield>
  <datafield tag="776" ind1="" ind2="">
   <subfield code="x">2254-3902</subfield>
  </datafield>
  <datafield tag="090" ind1="" ind2="">
   <subfield code="a">3400000000125700</subfield>
  </datafield>
  <datafield tag="866" ind1="" ind2="">
   <subfield code="a">Available from 2011. </subfield>
   <subfield code="b">$obj-&gt;parsedDate('&gt;=','2011',undef,undef)</subfield>
   <subfield code="c">G</subfield>
   <subfield code="s">1000000000002533</subfield>
   <subfield code="t">1000000000001874</subfield>
   <subfield code="x">Canadian Research Knowledge Network Springer Link Current:Full Text</subfield>
   <subfield code="z">10920000000044437</subfield>
  </datafield>
 </record>