
 <record>
  <leader>-----nas-a2200000z--4500</leader>
  <controlfield tag="008">131125uuuuuuuuuxx-uu-|------u|----|ita-d</controlfield>
  <datafield tag="245" ind1="" ind2="0">
   <subfield code="a">Nutrafoods</subfield>
  </datafield>
  <datafield tag="260" ind1="" ind2="">
   <subfield code="a">Italy</subfield>
   <subfield code="b">Milano</subfield>
  </datafield>
  <datafield tag="022" ind1="" ind2="">
   <subfield code="a">1827-8590</subfield>
  </datafield>
  <datafield tag="776" ind1="" ind2="">
   <subfield code="x">2240-5291</subfield>
  </datafield>
  <datafield tag="090" ind1="" ind2="">
   <subfield code="a">3420000000000042</subfield>
  </datafield>
  <datafield tag="866" ind1="" ind2="">
   <subfield code="a">Available from 2010 volume: 9 issue: 1. </subfield>
   <subfield code="s">1000000000002533</subfield>
   <subfield code="t">1000000000001874</subfield>
   <subfield code="x">Canadian Research Knowledge Network Springer Link Current:Full Text</subfield>
   <subfield code="z">3390000000109230</subfield>
  </datafield>
 </record>