
 <record>
  <leader>-----nas-a2200000z--4500</leader>
  <controlfield tag="008">131125uuuuuuuuuxx-uu-|------u|----|ger-d</controlfield>
  <datafield tag="245" ind1="" ind2="0">
   <subfield code="a">Zeitschrift für wissenschaftliche Biologie. Abteilung B, Zeitschrift für Zellforschung und mikroskopische Anatomie</subfield>
  </datafield>
  <datafield tag="260" ind1="" ind2="">
   <subfield code="a">Berlin</subfield>
   <subfield code="b">Springer</subfield>
  </datafield>
  <datafield tag="022" ind1="" ind2="">
   <subfield code="a">2192-5925</subfield>
  </datafield>
  <datafield tag="090" ind1="" ind2="">
   <subfield code="a">3440000000000084</subfield>
  </datafield>
  <datafield tag="866" ind1="" ind2="">
   <subfield code="a">Available from 1925 until 1934. </subfield>
   <subfield code="b">$obj-&gt;parsedDate('&gt;=','1925',undef,undef) &amp;&amp; $obj-&gt;parsedDate('&lt;=','1934',undef,undef)</subfield>
   <subfield code="c">G</subfield>
   <subfield code="s">1000000000002986</subfield>
   <subfield code="t">1000000000002296</subfield>
   <subfield code="x">Canadian Research Knowledge Network Springer Link Archive:Full Text</subfield>
   <subfield code="z">10920000000044465</subfield>
  </datafield>
 </record>